3270 5134
234 439 292 507 152

701 420 928 522 aaaron(

1284 420 1385 503 [85-

221 595 467 679 pltilosopluam,
492 604 526 660 et
556 594 669 679 aliqua
695 594 746 658 De
772 595 843 659 vita
871 614 942 668 sua,
969 613 1072 677 quam
1103 592 1264 656 tredecim
1293 591 1385 654 libris

230 699 436 766 Cantabrico
462 709 561 764 tenus
592 698 682 762 bello
710 719 770 762 nec
801 698 888 762 ultra
915 697 1080 779 exposuit.
1137 697 1270 760 Poetica
1296 717 1384 760 sum·

230 804 348 868 matim
369 802 490 885 attigit.
539 802 637 868 Unus
658 801 742 866 liber
762 809 868 876 extat,
890 801 1033 884 scriptus
1054 801 1098 864 ab
1118 821 1159 864 eo
1179 801 1385 864 hexametris

229 908 387 984 versibus
409 907 502 970 cuius
525 916 558 970 et
581 915 817 988 argumentum
841 915 875 970 et
901 904 1019 969 titulus
1042 915 1093 969 est
1116 903 1259 978 Sicilia,·
1288 914 1385 968 extat

229 1009 314 1074 alter
350 1030 456 1094 aeque
493 1009 644 1074 modicus
674 1009 973 1093 Epigrammatum,
1005 1029 1092 1092 quae
1129 1007 1197 1072 t'ere
1233 1017 1411 1090 tempores

229 1115 351 1180 balinei
380 1116 612 1179 meditabatur.
667 1114 756 1178 Nam
783 1113 992 1196 tragoediam
1021 1133 1145 1196 magno
1171 1112 1298 1194 impetu
1325 1131 1385 1174 ex-

229 1240 333 1294 orsus,
354 1239 421 1283 non
445 1217 635 1282 succedenti
659 1217 747 1294 stilo,
767 1217 913 1280 abolevit
935 1217 1239 1299 quaerentibusque
1262 1215 1386 1290 amicis,

229 1322 390 1404 quidnam
409 1320 504 1384 Aiax
523 1328 645 1402 ageret,
664 1319 846 1403 respondit,
864 1319 1006 1384 Aiacem
1028 1339 1126 1382 suum
1146 1319 1179 1382 in
1195 1337 1385 1400 ¹spongeam

230 1425 427 1489 incubuisse.

231 1589 301 1653 Style
312 1589 341 1638 os

447 1527 561 1592 Genus
584 1526 759 1610 eloquendi
783 1537 917 1591 secutus
940 1538 990 1590 est
1012 1526 1147 1608 elegans
1168 1535 1201 1590 et
1223 1536 1427 1608 tempera-10

230 1663 338 1718 oratory.
403 1640 485 1707 tum,
520 1631 633 1694 vitatis
670 1631 909 1694 sententiarum
948 1629 1082 1712 ineptiis
1119 1638 1220 1712 atque
1254 1630 1386 1693 concin-

264 1772 296 1817 ιο
328 1771 387 1817 vitu.
419 1779 477 1816 m.
526 1767 609 1816 These
642 1766 783 1817 unfinished

231 1834 349 1883 memoirs
366 1848 407 1882 are
426 1833 518 1897 quoted
534 1833 566 1896 by
586 1832 718 1883 Suetonius
735 1832 781 1882 ire·

231 1898 342 1964 quently,
356 1914 398 1948 see
409 1900 461 1946 Iul.
475 1911 519 1962 55;
536 1900 604 1961 Aug.
617 1914 653 1947 cc.
667 1913 690 1953 1,
704 1912 726 1961 7,
741 1912 781 1959 17,

232 1981 272 2025 41,
282 1962 322 2022 61,
335 1977 373 2026 74,
382 1963 427 2020 86;
439 1964 589 2013 chranrm.
603 1963 642 2020 16;
656 1963 782 2020 Plutarch,

232 2031 330 2078 Bredas
353 2041 393 2090 17,
412 2043 456 2090 41;
481 2036 587 2092 compar.
611 2029 736 2077 Dernostlr.
761 2035 784 2077 et

235 2096 284 2144 Cic.
299 2111 312 2158 3
326 2095 350 2141 lv
362 2095 410 2143 ruis
422 2094 481 2157 πρὸς
492 2091 631 2154 Ἀγρίππαν
644 2094 782 2153 ὑπομνήμα-

232 2159 335 2216 orv;D1'
348 2161 433 2218 est48,
443 2175 482 2220 14,
498 2159 570 2219 1[see
579 2174 604 2222 p.
618 2157 669 2219 16].
693 2158 783 2208 Suidas

231 2240 251 2272 s.
261 2241 285 2272 v.
298 2227 319 2273 Δ
352 2239 435 2273 avaros
447 2224 557 2286 Kaioap·
569 2225 662 2286 ἔγραψε
674 2225 729 2285 περὶ
741 2225 783 2272 τοῦ

232 2291 292 2338 ιδιου
311 2290 366 2352 βίον
390 2290 428 2336 rai
448 2290 496 2336 τῶν
514 2289 622 2350 πράξεων
643 2290 729 2351 βιβλία
749 2288 783 2349 ry'

233 2357 273 2402 nal
284 2355 421 2416 rpayardlau
431 2354 532 2403 Alavrls
549 2371 576 2401 τε
588 2355 626 2401 nal
640 2351 782 2413 Ἀχιλλέως.

233 2419 384 2468 Collections
406 2418 434 2467 oi
460 2418 498 2466 his
526 2419 610 2468 letters
638 2419 691 2467 also
719 2434 782 2467 once

232 2485 335 2533 existed.
370 2484 418 2534 See
436 2483 504 2534 Suet.
521 2484 575 2532 vita
590 2485 709 2543 Horatii,·
726 2485 781 2532 Ma·

232 2549 301 2598 crob.
314 2551 366 2598 Sat.
380 2564 403 2604 1,
415 2569 438 2611 4,
457 2563 498 2606 11;
511 2548 614 2607 Seneca,
628 2549 727 2612 Dialog.
744 2565 781 2606 ro,

233 2617 323 2678 4§3;
341 2613 448 2676 Quintil.
469 2630 489 2670 1,
506 2612 529 2672 6,
552 2628 685 2678 193supra
702 2629 737 2663 cc.
759 2628 781 2675 7,

233 2680 273 2744 69,
295 2694 332 2738 71,
353 2679 392 2741 76,
413 2678 459 2739 86;
485 2679 574 2727 Claud.
594 2695 620 2741 43
639 2679 700 2728 'sao
719 2679 781 2728 dial.

236 2760 276 2808 ¹33
310 2745 410 2795 Servius
432 2744 465 2792 ad
488 2744 563 2806 Verg.
589 2747 653 2792 Aen.
677 2747 701 2801 8,
726 2759 781 2806 530.

232 2809 347 2858 Tiberius
363 2809 395 2870 [c.
410 2807 461 2870 61],
478 2809 598 2858 Claudius
614 2809 646 2870 [c.
661 2811 712 2872 41],
729 2810 781 2857 Ha-

232 2875 304 2923 drian
323 2875 417 2938 [Spart.
439 2873 477 2934 16]
494 2875 543 2922 and
562 2874 667 2923 Severus
687 2874 781 2938 [Spart.

235 2940 275 3000 18]
295 2940 328 2987 all
349 2949 427 2988 wrote
447 2939 563 2987 memoirs
583 2938 611 2987 oi
626 2939 689 2988 their
707 2939 781 2997 lives;

231 3005 281 3053 and
298 3005 347 3053 this
364 3004 414 3052 had
431 3005 494 3054 been
511 3005 639 3068 prevalent
655 3004 681 3053 in
698 3021 713 3053 a
728 3020 782 3068 pre·

232 3071 302 3118 vious
322 3069 474 3133 generation.
511 3069 543 3131 Q.
568 3071 679 3127 Catulus,
703 3069 780 3129 Sulla,

233 3137 260 3184 P.
282 3135 390 3184 Rutilius
411 3134 490 3183 Rufus
513 3135 562 3182 had
585 3135 650 3183 done
672 3150 709 3193 so,
733 3135 783 3184 and

232 3201 335 3250 Tacitus
354 3200 450 3262 [Agris.
474 3199 498 3260 1]
520 3213 587 3263 says:
616 3202 654 3248 Ac
671 3201 784 3264 plerique

231 3281 304 3313 suane
313 3266 362 3328 ipsi
372 3266 450 3313 vitam
462 3281 570 3313 narrare
570 3264 696 3328 fiduciam
699 3267 783 3329 potrus

232 3346 338 3386 naariam,
361 3346 437 3394 quam
465 3330 637 3394 arrogantiam
664 3331 784 3379 arbitrati

231 3402 300 3444 sunt.

265 3462 420 3574 antabtioo
440 3463 518 3508 11111111
537 3463 615 3520 bello,
637 3475 679 3510 see
697 3477 718 3510 c.
744 3476 782 3516 1ο,

265 3593 370 3648 posttea
392 3593 553 3647 mmmattm,
578 3589 710 3654 ‘slightly,’
733 3593 782 3640 ‘su-

233 3652 386 3720 perficially.’
440 3655 491 3704 Tib.
531 3654 573 3703 61
601 3657 783 3714 conrnrentario,

232 3737 303 3785 quem
314 3721 344 3768 de
354 3720 406 3768 vita
416 3736 462 3768 sua
478 3720 623 3769 sunuuatirn
635 3721 784 3786 brcauerque

233 3786 372 3849 composuit.
407 3785 464 3835 One
484 3785 595 3850 epigram
614 3785 635 3836 is
653 3788 785 3850 preserved

233 3853 267 3916 by
280 3850 389 3906 Martial,
405 3867 443 3910 11,
458 3867 496 3901 aa.
607 3897 611 3904 .

266 3919 440 3974 uagosdam.
476 3915 565 3966 Suidas
582 3917 600 3964 I.
619 3932 639 3964 e.
660 3917 784 3966 mentions

234 3991 284 4032 two
301 3982 432 4045 tragedies,
446 3982 517 4044 Ajax
528 3982 577 4030 and
589 3982 704 4031 Achilles.
728 3995 784 4032 suo-

234 4050 346 4106 oodontt,
370 4062 410 4110 cp.
436 4047 491 4095 Cal.
516 4060 545 4110 53
568 4047 784 4096 solebat...accusa-

233 4114 309 4162 tiones
325 4111 517 4176 defensionesque
534 4112 653 4161 meditari
663 4128 699 4172 ac,
708 4120 787 4176 prom

233 4179 307 4227 stilus
317 4184 423 4236 cesserat,
437 4187 484 4226 etc.

267 4245 458 4300 quaerentibus
487 4245 588 4290 amiota.
640 4243 784 4293 Macrobius

234 4310 298 4370 [Sat.
320 4325 342 4363 1,
364 4326 387 4369 4,
410 4308 434 4367 1]
453 4307 522 4370 gives
543 4308 585 4355 the
604 4323 677 4356 name
697 4308 726 4356 oi
743 4309 784 4358 the

234 4374 322 4433 sriend,
345 4374 375 4420 L.
396 4372 493 4431 Varius,
514 4372 615 4422 himself
638 4388 670 4420 an
695 4374 784 4422 author

233 4438 399 4501 oitragedies.

266 4507 295 4551 111
307 4514 459 4560 spongeam,
472 4517 510 4564 cp.
528 4502 603 4550 Mart.
621 4521 645 4563 4,
668 4516 696 4549 1ο
711 4518 784 4550 curre

234 4569 275 4615 sed
284 4569 433 4614 instructus:
443 4569 573 4612 torculetur
581 4565 680 4613 Punica
691 4566 784 4614 librum

835 1769 962 1831 spongea·
979 1767 1125 1816 muneribus
1140 1767 1252 1816 convenit
1262 1767 1307 1815 illa
1318 1766 1383 1815 meis.

836 1834 896 1882 Non
908 1840 1013 1898 possunt
1029 1839 1123 1882 nostros
1139 1833 1237 1893 multae,
1258 1832 1385 1888 Faustino,

835 1899 930 1947 liturae
957 1899 1099 1947 Emendare
1125 1897 1198 1946 rocos:
1225 1913 1279 1946 una
1307 1898 1386 1945 litura

865 1970 915 2012 test.
1312 2012 1314 2017 .

833 1972 906 2078 pout.
934 2031 1280 2082 mendis...raconttttorum.
1299 2025 1337 2076 Os
1344 2026 1387 2075 the

836 2093 991 2142 affectatione
1002 2093 1031 2142 ot'
1039 2094 1161 2156 language
1170 2093 1220 2141 and
1229 2093 1293 2156 style
1305 2092 1386 2140 which

837 2174 902 2207 were
914 2159 1015 2222 coming
1027 2159 1080 2207 into
1091 2158 1197 2217 iashion,
1211 2173 1252 2207 see
1265 2160 1322 2207 Sen.
1337 2159 1385 2221 Ep.

840 2225 908 2284 1145
923 2239 952 2273 1ο
967 2240 1023 2272 eum
1038 2224 1149 2272 adsuerit
1164 2223 1266 2271 animus
1269 2223 1387 2287 fastidire

836 2304 900 2353 quae
916 2305 946 2337 ex
962 2305 1029 2337 more
1045 2295 1106 2337 sunt
1124 2295 1147 2338 et
1163 2289 1204 2337 illi
1214 2295 1264 2352 pro
1281 2287 1388 2338 sordidis

836 2355 907 2401 solita
935 2361 1002 2414 sunt,
1031 2355 1105 2402 etiarn
1132 2354 1160 2402 in
1188 2353 1297 2402 oratione
1323 2354 1391 2416 quod

838 2435 929 2468 novum
938 2427 972 2468 cst
979 2419 1079 2483 quaerit
1086 2425 1109 2467 ct
1118 2418 1186 2468 neoda
1197 2419 1304 2482 antiqua
1315 2419 1387 2467 verba

835 2491 860 2532 et
869 2485 958 2532 exouu
971 2491 1065 2533 reuocat
1078 2500 1107 2532 ae
1113 2485 1216 2547 profert,
1232 2484 1388 2548 modofingit

836 2556 860 2596 et
881 2549 965 2612 ignota
987 2565 1016 2596 ac
1037 2548 1146 2612 deflectit,
1169 2549 1246 2607 ruodo,
1271 2549 1299 2596 id
1324 2549 1391 2613 quod

837 2621 916 2677 nuper
926 2614 1051 2673 increbuit,
1061 2622 1110 2677 pro
1116 2615 1184 2662 cultu
1192 2614 1296 2662 habdur
1301 2615 1388 2662 audax

836 2679 968 2727 translatio
978 2685 1000 2727 et
1003 2680 1047 2742 fre
1064 2696 1131 2727 uens.
1167 2679 1215 2729 See
1225 2679 1278 2727 also
1291 2679 1388 2729 Persius

840 2760 860 2804 1,
881 2743 1003 2795 80-106.
1038 2696 1144 2806 (guintil.
1164 2760 1186 2800 1,
1202 2759 1218 2809 9
1233 2747 1246 2804 5
1263 2760 1295 2793 1ο
1311 2761 1388 2792 sernro

837 2816 917 2858 rectus
928 2822 950 2858 ιι
960 2810 1091 2858 secundum
1107 2817 1227 2858 naturam
1241 2811 1389 2859 enuntiatus

837 2875 908 2923 nihil
928 2875 1015 2924 habere
1035 2891 1065 2923 ex
1087 2874 1186 2938 ingenio
1208 2875 1321 2934 validum·
1342 2875 1388 2923 illa

836 2956 900 3000 vero,
913 2956 976 3003 quae
985 2940 1132 3002 ubuuntque
1142 2940 1235 3005 deflexa
1244 2946 1313 2996 sunt,
1325 2947 1387 2989 tam·

836 3021 911 3068 quant
921 3004 1085 3068 exquisitiora
1097 3006 1232 3054 miramur.
1251 3005 1299 3070 Cp.
1307 3005 1387 3068 Pliny,

837 3071 886 3134 Ep.
901 3086 923 3132 3,
941 3071 978 3129 18,
995 3085 1033 3118 ro.

868 3137 1062 3184 mutandarum
1089 3137 1198 3194 ineptus
1224 3140 1307 3195 atqua
1329 3149 1388 3185 oon-

837 3202 972 3257 sinaitam,
996 3217 1011 3248 a
1038 3201 1177 3264 hendiadys
1200 3200 1238 3249 sor
1263 3218 1282 3249 s.
1305 3201 1388 3265 inepta

836 3267 1005 3324 concinnitate,
1024 3266 1081 3314 ‘the
1092 3266 1177 3329 vanity
1189 3266 1218 3315 oi
1231 3282 1263 3314 an
1275 3266 1388 3315 artificial

837 3329 915 3393 style’
932 3329 1132 3394 (arrangement).
1162 3331 1252 3380 Cicero
1265 3347 1320 3380 uses
1334 3348 1388 3380 con·

836 3395 947 3444 cionitas
963 3397 999 3456 (1)
1010 3395 1039 3444 oi
1051 3396 1132 3445 words
1150 3395 1206 3445 ina
1221 3397 1288 3460 good
1308 3413 1387 3454 sense,

840 3461 908 3510 Orat.
927 3463 941 3520 ὅ
962 3477 1006 3527 149
1016 3461 1104 3523 Jorma
1121 3461 1175 3525 ipsa
1190 3462 1390 3527 concinnitasque

836 3526 965 3574 aularum
976 3526 1091 3589 corficiat
1101 3527 1180 3576 orbem
1189 3543 1272 3575 suunt.
1295 3528 1327 3575 ib.
1337 3530 1386 3587 §81

837 3592 947 3640 collocata
954 3592 1027 3639 aeria
1036 3593 1126 3640 hadent
1135 3593 1289 3649 ornatunt,si
1293 3592 1393 3656 aliquid

836 3657 1008 3704 concinnitatis
1022 3657 1138 3722 efficiunt,
1158 3659 1225 3721 quod
1238 3659 1319 3706 verbis
1335 3675 1390 3706 rnu-

836 3722 898 3769 totis
913 3737 963 3770 non
973 3723 1322 3772 mancatmanentescntentta.
1359 3724 1389 3772 In

838 3787 913 3834 ahad
930 3803 1000 3836 sense
1012 3787 1038 3836 ol
1053 3787 1204 3844 affectation,
1220 3788 1296 3837 Brut.
1310 3789 1323 3848 ἓ
1342 3792 1388 3852 187

838 3858 865 3899 αι
875 3852 983 3916 quidest
994 3859 1047 3900 tam
1055 3854 1171 3916 fractum
1184 3861 1236 3902 tam
1249 3853 1387 3915 minutum,

837 3924 890 3966 tam
909 3917 938 3965 in
956 3918 1017 3981 ipsa,
1036 3934 1112 3982 quarn
1127 3925 1209 3966 tamen
1224 3919 1387 3983 consequitur,

837 3983 1001 4033 concinnitate
1009 3983 1126 4046 puerile?
1153 3982 1186 4033 id.
1201 3984 1294 4044 Orat.§
1306 3985 1338 4046 84
1344 3985 1390 4032 illa

838 4048 934 4112 quidem
942 4048 1069 4112 fugieruia
1086 4055 1176 4098 sunt...
1193 4049 1270 4112 paria
1284 4050 1391 4112 parolus

839 4114 917 4162 relata
928 4120 949 4161 et
958 4115 1194 4162 similiterconclusa
1205 4121 1228 4163 et
1237 4116 1391 4179 eodempacto

838 4179 951 4228 caderetis
972 4185 996 4227 et
1018 4179 1191 4228 immutatione
1211 4181 1296 4228 literae
1317 4182 1393 4244 quasi

839 4244 962 4306 quaesitae
982 4251 1126 4304 venrostates,
1148 4261 1180 4293 ne
1196 4245 1318 4294 elaborata
1335 4261 1390 4294 con·

839 4309 946 4356 tinnitus
962 4315 985 4356 et
1000 4309 1121 4372 quoddam
1140 4310 1275 4374 aucupium
1293 4311 1389 4359 delecta·

840 4374 912 4422 tionis
929 4374 1058 4438 nsanrj'esto
1072 4375 1246 4438 deprehensum
1261 4383 1386 4440 appareat.

841 4438 875 4502 (a)
889 4439 926 4489 of
939 4439 1076 4499 sententiae,
1090 4441 1167 4488 Brut.
1182 4443 1195 4500 ἓ
1208 4455 1253 4504 325
1266 4443 1391 4490 sententiis

840 4513 953 4551 nontam
965 4505 1086 4566 grarn'bus
1099 4511 1121 4552 et
1135 4509 1225 4553 severis
1240 4521 1317 4570 quarn
1336 4523 1389 4555 con·

840 4567 922 4615 cinnis
936 4575 959 4617 ιι
974 4569 1088 4616 uenustas.
1125 4570 1153 4618 de
1168 4571 1235 4618 Clar.
1254 4571 1297 4619 Or.
1312 4572 1325 4630 ἓ
1344 4583 1387 4633 171
