3270 5134
264 329 323 393 168

726 330 754 394 S
761 329 861 394 llET
861 329 950 395 ONI

1316 329 1417 414 [or-

260 499 327 562 iam
354 499 487 576 tabulis,
510 500 646 582 n'egavit
673 507 905 583 suscepturum
928 520 1014 582 quae
1038 520 1104 564 non
1128 509 1216 568 esset
1238 501 1415 566 soluturus.

258 603 333 668 ¹Sub
356 605 445 668 idern
468 614 603 687 tempus
625 605 691 668 ictu
716 604 864 668 fulminis
887 625 931 668 ex
955 605 1169 686 inscriptione
1190 614 1323 669 statuae
1345 606 1416 669 eius

261 711 368 794 prima
390 710 534 773 nominis
559 709 670 776 littera
692 707 841 786 effluxit;
868 729 1064 792 responsum
1087 719 1147 786 est,
1169 719 1302 774 centurn
1327 711 1416 773 solos

261 816 335 880 dies¹
363 813 505 898 posthac
533 815 710 891 victurum,
740 833 841 896 quem
872 833 1048 877 numerum
1077 812 1104 877 C
1132 814 1243 877 littera
1273 823 1414 887 notaret,

260 918 476 1001 futurumque
492 927 530 982 ut
548 918 634 982 inter
651 918 733 980 deos
749 915 931 993 referretur,
947 917 1037 1001 quod
1053 938 1157 993 aesar,
1172 917 1206 980 id
1222 927 1272 981 est
1288 917 1441 1000 reliquas

261 1042 338 1104 pars
354 1042 372 1084 e
389 1021 541 1086 Caesaris
557 1021 700 1093 nomine,
718 1019 860 1084 Etrusca
876 1020 990 1102 lingua
1006 1020 1089 1083 deus
1104 1029 1285 1084 vocaretur.

261 1161 262 1164 ι
326 1125 498 1188 Tiberium
522 1124 622 1206 igitur
648 1123 681 1186 in
714 1122 883 1204 Illyricum
911 1123 1105 1186 dimissurus
1129 1132 1162 1186 et
1186 1123 1415 1189 Beneventum

437 1235 542 1310 usque'
564 1236 807 1310 prosecuturus
830 1248 906 1290 curn
930 1227 1195 1310 interpellatores
1218 1226 1291 1292 aliis
1314 1240 1416 1311 atque

264 1312 313 1362 His
324 1312 371 1360 last

262 1377 331 1442 days.

434 1333 507 1397 aliis
534 1333 641 1395 causis
668 1332 701 1394 in
726 1333 796 1396 iure
818 1332 962 1395 dicendo
985 1332 1182 1408 detinerent,
1204 1333 1416 1408 exclamavit,

418 1436 526 1520 ,quod
545 1447 579 1498 et
597 1437 706 1518 ipsum
726 1454 808 1498 mox
827 1436 914 1498 inter
931 1435 1044 1499 omina
1062 1436 1203 1500 relatum
1225 1447 1285 1514 est,
1300 1459 1372 1515 uon,
1387 1438 1421 1501 s'i
1433 1471 1459 1498 10

262 1541 373 1605 omnia
392 1548 604 1615 morarentur,
619 1537 761 1620 amplius
777 1559 810 1601 se
821 1537 956 1620 posthae
969 1538 1094 1602 Romae
1107 1541 1268 1620 futurum
1278 1565 1293 1616 ,·
1316 1552 1417 1623 atque

263 1646 380 1709 itinere
401 1643 558 1707 incohato
579 1641 741 1706 Asturam
763 1641 920 1724 perrexit,
935 1651 969 1706 et
990 1643 1077 1719 inde,
1092 1654 1224 1724 praeter
1242 1655 1417 1708 consuetu-

263 1750 375 1813 dinem
399 1749 441 1812 de
465 1756 571 1822 nocte,
595 1748 637 1810 a'd
662 1746 871 1810 occasionem
895 1766 995 1810 aurae
1018 1758 1163 1825 evectus,
1183 1770 1318 1813 causam
1337 1750 1418 1814 vali-

212 1855 250 1914 98
263 1854 388 1918 tudinis
418 1853 588 1917 contraxit
618 1871 663 1914 ex
693 1849 856 1933 profluvio
882 1850 957 1913 alvi.
1001 1850 1099 1914 Tunc
1127 1852 1333 1934 Campaniae
1360 1874 1419 1916 ora

264 1958 494 2040 proximisque
532 1954 648 2019 insulis
685 1955 839 2029 circuitis,
871 1955 1074 2037 Caprearum
1108 1977 1242 2040 quoque
1275 1959 1418 2022 secessui
1433 1985 1459 2022 ,ιε

263 2063 486 2147 quadriduum
513 2060 686 2142 impendit,
709 2059 941 2122 remississimo
964 2061 1007 2123 ad
1031 2061 1137 2123 otium
1161 2071 1194 2127 et
1217 2062 1260 2126 ad
1283 2084 1418 2127 omnem

263 2169 455 2232 comitatem
475 2165 595 2228 animo.

329 2271 428 2333 Forte
440 2268 660 2334 Puteolanum
671 2269 782 2331 sinum
793 2269 1060 2350 praetervehenti
1070 2280 1221 2334 vectores
1231 2281 1420 2353 nautaeque

264 2376 306 2438 de
325 2375 401 2437 navi
421 2372 665 2447 Alexandrina,
680 2393 767 2454 quae
786 2382 917 2436 tantum
937 2373 1028 2455 quod
1047 2373 1232 2457 appulerat,
1248 2375 1419 2438 candidati

264 2479 480 2561 coronatique
503 2488 536 2541 et
556 2487 629 2540 tura
651 2477 793 2540 libantes
815 2476 924 2541 fausta
945 2478 1059 2540 omina
1082 2487 1116 2542 et
1140 2478 1282 2564 eximias
1304 2479 1420 2543 laudes
1434 2507 1462 2534 ιο

264 2591 510 2666 congesserant,
524 2591 587 2662 per
604 2580 698 2644 illum
715 2580 881 2656 revivere,
894 2580 1069 2662 perillum
1090 2581 1256 2663 navigare,
1276 2581 1422 2646 libertate

296 2789 405 2843 tabulis,
428 2784 454 2832 in
476 2784 558 2833 which
586 2783 628 2832 the
657 2798 725 2832 vows
752 2799 817 2832 were

266 2852 394 2904 recorded.
432 2850 480 2899 See
498 2851 584 2900 Festus
595 2865 613 2898 s.
629 2865 654 2897 u.
672 2855 817 2912 nuncupata

306 2919 365 2966 Vota
377 2922 522 2978 nuncupata
538 2916 659 2962 dicuntur
674 2929 737 2978 quae
755 2915 816 2963 Con-

266 2985 328 3032 sules
358 2983 493 3037 Praetores,
522 2996 578 3028 cum
608 2981 636 3028 in
659 2980 817 3043 provinciam

261 3048 461 3113 proficiscuntur,
476 3046 589 3111 faciunt.
626 3046 668 3093 Ea
681 3045 710 3093 in
721 3045 818 3093 tabulas

263 3113 432 3178 praesentibus
443 3111 529 3160 multis
539 3111 690 3175 referuntur.

299 3191 384 3228 aem.
419 3177 470 3225 Dio
494 3175 533 3238 56,
557 3190 588 3241 29
616 3177 656 3224 nal
683 3176 711 3223 τὸ
734 3175 818 3223 λοιπὸν

267 3247 316 3293 πᾶν
329 3245 401 3303 ὄνομα
417 3243 471 3291 θεὸν
486 3242 552 3304 παρὰ
562 3243 611 3290 τοῖς
623 3241 748 3302 Τυρσηνοῖς
760 3242 815 3290 νοεῖ.

269 3309 379 3372 Hesych.
391 3309 467 3356 alool·
481 3309 539 3363 deal,
550 3307 597 3354 ὑπὸ
608 3307 741 3370 Τυρρηνῶν.
771 3306 819 3356 See

268 3375 338 3424 Buck
357 3374 507 3423 Vocalismus
517 3372 560 3420 der
573 3371 702 3420 Oskisclsen
714 3371 820 3434 Spraelre

269 3457 293 3504 p.
314 3438 368 3502 146,
386 3439 444 3487 who
461 3436 534 3486 holds
551 3437 604 3486 that
623 3436 665 3485 the
683 3436 817 3484 Etruscans

268 3505 399 3554 borrowed
427 3505 497 3551 oriar
524 3502 589 3551 lrom
622 3500 694 3550 other
726 3501 817 3549 Italian

268 3568 498 3625 dialects,-Oscan
516 3585 558 3616 αισ
579 3564 707 3622 ‘sacrum'
728 3567 820 3615 airusis

272 3633 436 3693 ‘sacrificiis’;
460 3633 583 3682 Umbrlan
606 3648 674 3698 erano
693 3631 818 3680 ‘sacrifici-

268 3701 328 3759 um,’
339 3717 421 3749 eesona
434 3698 568 3757 ‘divinas'3
581 3697 750 3746 Marrucinian
758 3699 819 3746 arsos

269 3766 346 3825 ‘dis'3
360 3765 478 3814 Volscian
489 3763 629 3812 esaristram
642 3761 820 3811 ‘sacrificium'

300 3835 330 3880 tn
341 3835 483 3890 myrtoum,
497 3823 557 3877 Tac.
570 3832 641 3876 Aure.
657 3845 677 3887 ι,
691 3828 819 3890 5ae'xdum

268 3893 819 3960 ingressusflllyricumTiberiusproperisma·

268 3963 315 4012 tris
327 3963 405 4011 literis
422 3961 532 4018 accitum·
549 3975 625 4023 neque
641 3960 703 4007 satis
717 3966 819 4021 comper·

269 4035 321 4076 turn
330 4034 364 4076 est
371 4027 506 4090 spirantem
514 4026 595 4074 uellem
603 4026 626 4072 A
629 4031 745 4092 agrestum
754 4021 822 4086 apud

270 4094 353 4144 urbem
368 4091 461 4141 Nolam
476 4108 511 4139 an
525 4091 664 4139 exanimem
680 4090 819 4153 reppererit.

271 4159 322 4207 Dio
341 4157 380 4219 56,
400 4173 428 4220 31
449 4159 476 4204 orl
494 4157 575 4214 μέντοι
593 4153 699 4214 ἐμφανὴς
716 4156 783 4204 εὐθὺς
806 4154 819 4202 ὁ

271 4225 373 4272 θάνατος
380 4224 452 4271 αὐτοῦ
459 4224 567 4283 intuere
576 4221 646 4296 ἡγὰρ
651 4221 734 4268 Aroula
742 4222 819 4281 φοβη-

271 4291 340 4338 θεῖσα
353 4289 387 4349 ab
398 4291 439 4336 τοῦ
451 4289 558 4350 Τιβερίου
570 4287 595 4334 ἐν
607 4304 637 4348 τῃ
649 4287 773 4346 Δελματίρ
785 4283 819 4333 ἔτ’

271 4356 338 4404 ὄντος
355 4350 501 4415 νεωτερισθῇ
523 4371 554 4412 τι,
580 4353 725 4414 autumo
747 4351 819 4400 αὐτὸν

271 4423 353 4484 μέχρις
365 4421 392 4468 οὗ
402 4415 489 4468 ἐκεῖνος
499 4419 607 4479 ἀφίκετο.
649 4417 698 4466 His
709 4415 819 4472 mission,

271 4485 405 4549 according
416 4491 442 4533 to
458 4484 601 4533 Paterculus
617 4483 650 4544 [a.
665 4483 730 4546 123]2
743 4495 821 4530 wasa

868 2783 957 2848 pacific
973 2799 1022 2833 oue
1036 2784 1206 2846 adfirmando
1212 2791 1274 2848 pace
1286 2801 1350 2848 quae
1362 2785 1422 2835 bello

866 2849 999 2911 subegerat.
1033 2848 1149 2898 Tiberius
1165 2849 1214 2897 had
1230 2850 1343 2899 subdued
1359 2851 1421 2899 Dal-

867 2914 944 2963 matia
951 2914 976 2962 in
983 2926 1040 2963 Aa).
1048 2929 1072 2980 9,
1082 2915 1131 2962 and
1139 2915 1278 2964 celebrated
1286 2931 1302 2963 a
1310 2917 1421 2980 triumph

867 2995 927 3028 over
937 2979 956 3028 it
972 2979 996 3028 in
1009 2991 1067 3028 nn.
1083 2995 1111 3027 12
1124 2980 1186 3041 [Dio
1199 2992 1237 3040 55,
1253 2995 1360 3047 29-323
1380 2980 1417 3044 56,

872 3058 978 3108 11-173
1001 3045 1067 3094 Vell.
1083 3061 1104 3104 o,
1122 3045 1268 3106 rso—115}
1409 3077 1411 3082 ν

899 3114 1034 3158 Asturam.
1063 3111 1190 3174 Augustus
1201 3126 1262 3174 goes
1273 3111 1307 3174 by
1318 3127 1360 3160 sea
1371 3111 1421 3160 and

869 3183 930 3224 rests
949 3184 974 3223 at
995 3175 1096 3231 Astura,
1117 3191 1132 3223 a
1147 3176 1219 3224 small
1236 3175 1291 3225 islet
1307 3176 1420 3226 between

869 3239 974 3289 'Antium
992 3241 1042 3288 arrd
1061 3240 1160 3300 Circeii,
1182 3257 1215 3289 on
1235 3241 1317 3290 which
1335 3243 1374 3302 he,
1393 3258 1421 3290 as

869 3321 944 3368 many
955 3306 1047 3361 others,
1060 3321 1139 3354 seems
1150 3316 1177 3355 to
1188 3307 1252 3355 have
1263 3307 1314 3355 had
1326 3323 1341 3355 a
1353 3307 1420 3365 villa,

870 3386 909 3435 cp.
934 3370 985 3419 Tib.
1008 3384 1036 3434 72
1055 3371 1148 3420 rediens
1163 3387 1218 3434 ergo
1229 3379 1333 3435 propere
1347 3373 1420 3421 Cam-

864 3436 972 3499 paniam
990 3438 1100 3484 Asturae
1115 3438 1143 3484 in
1159 3438 1304 3500 languorem
1322 3437 1420 3494 incidit,

869 3516 916 3564 quo
922 3503 1029 3563 paulum
1041 3503 1136 3549 levatus
1149 3502 1255 3551 Circeios
1261 3503 1390 3566 pertendit.

902 3569 934 3613 do
950 3571 1035 3626 nocto,
1053 3567 1149 3616 ‘before
1164 3566 1309 3630 daybreak,'
1326 3568 1364 3617 lor
1379 3568 1421 3618 the

870 3630 930 3680 sake
949 3631 978 3680 of
994 3631 1107 3681 coolness
1128 3632 1157 3696 (it
1176 3649 1228 3681 was
1247 3634 1297 3682 late
1314 3633 1373 3698 July
1393 3650 1422 3682 or

870 3697 938 3759 early
946 3697 1062 3761 August).
1085 3698 1179 3761 Vespas.
1195 3714 1221 3746 ιι
1237 3698 1266 3746 in
1273 3700 1421 3764 principatu

870 3763 997 3810 maturius
1011 3770 1105 3826 semper
1118 3779 1147 3810 ac
1160 3762 1189 3811 de
1204 3769 1269 3812 nocte
1279 3765 1420 3827 evigilabat.

871 3826 924 3876 Cic.
947 3829 999 3876 Aa.
1026 3847 1049 3890 4,
1074 3842 1088 3890 3
1111 3829 1140 3876 in
1160 3829 1285 3878 conuitium
1307 3829 1372 3878 Milo
1393 3830 1422 3879 de

871 3898 936 3941 nocte
945 3894 1019 3948 venet,
1036 3893 1151 3942 Metellus
1167 3910 1222 3942 eum
1229 3896 1319 3958 prium
1330 3897 1382 3944 luce
1393 3895 1421 3944 in

870 3965 984 4019 cenapum
996 3959 1115 4008 coemebat.

903 4026 940 4071 98.
975 4026 1143 4083 caprearum,
1168 4040 1209 4073 see
1232 4040 1253 4073 c.
1274 4039 1315 4089 92.
1350 4029 1421 4074 Gam-

869 4091 965 4146 omae
974 4100 1029 4148 ora,
1040 4089 1309 4154 afavouriteyachting
1317 4107 1420 4154 voyage,

870 4155 990 4204 seeNero
1002 4170 1022 4204 c.
1040 4167 1078 4217 ²7·

902 4223 1009 4268 tantum
1023 4224 1101 4278 quod,
1117 4220 1187 4282 ‘only
1197 4219 1265 4283 just,’
1276 4237 1317 4270 see
1329 4237 1350 4270 c.
1363 4220 1401 4284 63.

902 4296 950 4342 por
966 4288 1043 4333 tllum
1059 4289 1195 4344 magara,
1210 4286 1275 4334 Hor.
1295 4286 1341 4335 Od.
1359 4306 1382 4349 4,
1398 4305 1421 4350 5,

873 4365 902 4415 19
914 4357 1032 4422 paeotm
1050 4351 1156 4422 uolitant
1166 4359 1215 4414 per
1230 4367 1299 4400 mare
1315 4353 1421 4400 nam'tae.

872 4417 944 4479 Prop.
966 4432 989 4478 3,
1010 4430 1032 4480 9,
1053 4431 1080 4476 7¹
1100 4419 1137 4464 At
1152 4423 1180 4464 lu
1197 4419 1249 4464 siae
1261 4424 1324 4480 petes
1335 4425 1423 4483 portus

871 4496 912 4528 seu
930 4481 1017 4528 nauita
1034 4482 1131 4548 linques
1151 4482 1264 4530 Caesaris
1280 4483 1308 4531 iu
1325 4490 1372 4531 toto
1387 4484 1423 4532 sis
