3270 5134
283 321 342 399 148
745 306 971 380 sarran]
1337 314 1439 397 [80-

281 490 427 574 Questus
453 498 504 553 est
532 498 564 552 et
591 490 634 552 de
660 489 778 562 vesica,
803 489 896 551 cuius
920 486 1034 550 dolore
1058 486 1194 576 calculis
1217 485 1353 561 demum
1378 506 1438 568 per

280 594 410 657 urinam
434 592 548 655 eiectis
571 591 752 655 levabatur.

228 694 265 752 81
347 697 473 761 Graves
490 705 523 760 et
539 697 741 778 periculosas
757 695 958 758 valitudines
974 714 1179 777 peromnem
1191 693 1294 756 vitam
1309 692 1437 774 aliquot

282 851 331 900 His
454 811 613 883 expertus
626 811 692 876 est;
712 800 889 882 praecipue
903 799 1084 864 Cantabria
1096 799 1232 870 domita,
1245 819 1321 861 cum
1335 799 1436 860 etiam

281 932 365 994 ⁸seuere
455 905 729 969 distillationibus
764 905 907 968 iocinere
940 905 1058 967 vitiato
1092 904 1134 967 ad
1168 903 1465 984 desperationems

281 982 401 1032 mm*
456 1009 610 1073 redactus
624 1009 825 1072 contrariam
849 1016 882 1071 et
903 1006 1084 1089 ancipitem
1101 1006 1263 1069 rationem
1281 1005 1437 1069 medendi

283 1113 470 1178 necessario
486 1112 603 1177 subiit:
627 1112 705 1194 quia
721 1111 830 1174 calida
846 1110 997 1174 fomenta
1017 1130 1084 1173 non
1106 1110 1294 1192 proderant,
1311 1107 1438 1190 frigidis

283 1218 388 1282 curari
405 1226 541 1280 coactus
557 1226 693 1279 auctore
709 1215 862 1278 Antonio
879 1214 986 1277 Musa.

349 1322 522 1406 Quasdam
550 1331 584 1385 et
611 1321 852 1385 anniversarias
879 1341 918 1382 ac
942 1329 1095 1401 tempore
1120 1327 1211 1380 certo
1235 1325 1439 1380 recurrentes

283 1427 535 1510 experiebatur3
559 1446 636 1488 nam
657 1425 721 1488 sub
739 1425 885 1488 natalem
908 1444 1005 1487 suum
1026 1423 1222 1506 plerumque
1241 1421 1482 1504 languebat;10

283 1541 317 1594 et
333 1531 429 1593 initio
444 1531 529 1593 veris
549 1529 817 1611 praecordiorum
838 1527 1009 1591 inflatione
1029 1528 1267 1608 temptabatur,
1282 1525 1439 1589 austrinis

284 1645 395 1698 autem
427 1633 685 1716 tempestatibus
715 1632 904 1714 gravedine.
960 1631 1072 1714 Quare
1103 1640 1262 1714 quassato
1293 1649 1438 1711 corpore,

231 1742 268 1800 82
284 1755 392 1817 neque
408 1734 530 1816 frigora
546 1754 654 1817 neque
671 1744 781 1797 aestus
798 1733 894 1797 facile
910 1733 1082 1797 tolerabat.
1131 1731 1254 1795 Hieme
1270 1731 1439 1815 quaternis

285 1888 361 1936 Dress
372 1887 423 1935 and
457 1858 532 1900 cum
550 1839 665 1919 pingui
682 1847 762 1919 toga
777 1837 898 1900 tunicis
915 1846 948 1900 et
964 1835 1126 1899 subucula
1142 1845 1175 1898 et
1191 1834 1327 1898 thorace
1343 1833 1440 1896 laneo

284 1952 359 2001 mode
370 1951 399 2026 os
457 1950 491 2004 et
506 1940 718 2004 feminalibus
734 1950 767 2004 et
783 1939 952 2003 tibialibus
968 1938 1188 2013 muniebatur,
1203 1948 1331 2002 aestate
1347 1958 1440 2020 aper·
1459 1973 1485 2010 ις

285 2017 425 2080 travenng.
457 2043 499 2107 tis
526 2043 667 2106 cubiculi
694 2042 828 2117 foribus,
855 2062 894 2106 ac
921 2062 1022 2125 saepe
1049 2043 1082 2104 in
1113 2041 1274 2124 peristylo
1301 2040 1442 2105 saliente

285 2170 373 2232 aqua
395 2158 496 2230 atque
519 2147 620 2209 etiam
644 2145 828 2209 ventilante
851 2146 964 2228 aliquo
987 2145 1140 2209 cubabat.
1186 2143 1275 2208 Solis
1297 2165 1376 2207 vero
1399 2165 1441 2207 ne

318 2307 589 2354 dolore...lerabetur.
615 2302 665 2366 Cp.
678 2303 730 2352 Tib.
744 2317 773 2364 72
784 2303 838 2350 Ian·
888 2301 976 2350 dation
991 2302 1020 2350 of
1035 2301 1171 2350 Beroaldus
1188 2301 1226 2350 for
1242 2302 1376 2350 subuculae
1389 2301 1441 2350 tire·

284 2386 361 2434 guare
364 2369 484 2433 paullum
497 2369 598 2417 levatus.
889 2383 944 2415 race
959 2368 1034 2415 lanea.
1075 2366 1131 2415 The
1147 2367 1239 2415 thorax
1252 2382 1279 2415 as
1296 2383 1311 2415 a
1328 2375 1440 2430 separate

318 2441 356 2484 81.
392 2437 562 2482 valitudines.
597 2433 652 2481 The
679 2433 790 2480 illnesses
813 2431 842 2479 of
889 2432 974 2481 article
989 2432 1018 2480 of
1029 2431 1098 2481 dress
1115 2432 1135 2480 is
1150 2432 1294 2481 mentioned
1309 2432 1335 2480 in
1348 2432 1402 2480 Iuv.
1417 2443 1441 2493 5,

287 2500 414 2563 Augustus
436 2499 500 2547 have
522 2499 586 2547 been
606 2498 706 2561 already
728 2498 837 2546 noticed.
892 2513 945 2560 143.

288 2566 336 2614 See
347 2581 389 2628 pp.
408 2579 444 2626 15,
462 2581 501 2623 ao,
519 2562 558 2618 26,
573 2564 612 2613 61.
648 2563 698 2611 For
713 2563 838 2611 Antonius
921 2564 1090 2610 feminalibus
1112 2565 1140 2609 et
1161 2564 1307 2621 ttbialibus,
1334 2562 1441 2610 woollen

287 2631 362 2679 Musa
373 2630 422 2678 and
435 2629 473 2677 his
485 2637 616 2678 treatment
628 2644 669 2676 see
681 2644 702 2677 c.
716 2643 754 2691 59.
889 2643 1015 2692 wrappers
1033 2626 1146 2690 (fasceae)
1169 2627 1207 2675 for
1226 2627 1269 2675 the
1289 2627 1372 2690 thighs
1392 2627 1441 2676 and

318 2708 377 2744 oum
395 2697 484 2750 sublit,
504 2694 557 2743 ‘the
576 2693 690 2742 occasion
708 2709 742 2741 on
758 2692 837 2741 which
889 2693 949 2755 legs,
969 2692 1095 2756 generally
1112 2693 1172 2756 only
1188 2707 1255 2740 worn
1274 2693 1307 2755 by
1324 2691 1437 2741 invalids.

286 2760 318 2809 he
331 2760 466 2808 submitted
480 2759 526 2808 to.’
561 2758 616 2806 The
631 2757 692 2822 perf.
712 2759 762 2806 ind.
779 2758 838 2806 with
892 2759 955 2806 Hor.
981 2759 1034 2806 Sat.
1064 2774 1087 2813 a,
1112 2772 1134 2819 3,
1165 2773 1211 2820 254
1229 2766 1310 2821 ponas
1331 2757 1442 2821 iuu'gnia

286 2842 341 2874 cum
355 2825 473 2888 referring
490 2833 516 2872 to
533 2840 548 2873 a
564 2823 698 2887 particular
713 2824 781 2882 time,
797 2839 837 2886 cp.
891 2823 976 2882 morbi,
979 2823 1104 2885 fasciolas,
1111 2823 1209 2880 cubitat,
1218 2823 1322 2887 sacaleie.
1341 2823 1441 2871 Petron.

287 2907 308 2940 c.
324 2891 355 2938 28
366 2907 422 2938 cum
434 2891 604 2938 rationarium
616 2889 706 2951 imperi
716 2889 829 2937 tradidit.
891 2905 923 2950 40
926 2888 1014 2951 fasciis
1020 2889 1163 2936 cruralibus
1170 2889 1298 2950 alligatus.
1323 2887 1376 2936 Cic.
1386 2889 1441 2936 Aee.

320 2959 370 3004 sub
385 2959 504 3004 natalem
523 2967 609 3013 suum,
630 2971 642 3003 a
646 2971 659 3017 3
682 2955 836 3018 September.
891 2970 915 3012 a,
930 2970 944 3016 3
958 2952 996 3014 (of
1010 2954 1131 3016 Pompey)
1143 2953 1236 3016 caligae
1250 2954 1303 3000 eius
1317 2959 1340 3000 et
1345 2953 1443 3017 fasciae

290 3022 338 3070 See
350 3037 374 3084 p.
390 3036 412 3084 9.
890 3024 994 3067 cretatae
1004 3034 1054 3066 nan
1060 3018 1197 3082 placebant.
1225 3018 1281 3066 Val.
1296 3019 1365 3066 Max.
1378 3017 1401 3077 6,
1416 3035 1439 3076 a,

320 3088 540 3144 praecorfflorum.
564 3084 676 3147 l'linyN.
687 3085 838 3149 H.rr§197
893 3098 905 3145 7
930 3083 1062 3147 (Pompeia)
1082 3084 1190 3131 candida
1206 3083 1291 3146 fascia
1308 3099 1366 3132 crus
1384 3083 1441 3131 atti-

287 3159 342 3199 exta
357 3151 457 3198 homini
467 3150 498 3197 ab
509 3150 625 3213 inferiore
636 3150 756 3197 viscerum
766 3157 840 3213 parte
887 3156 976 3212 gatum
988 3149 1094 3197 habenti.
1127 3148 1214 3211 Quint.
1230 3165 1267 3204 11,
1282 3164 1295 3211 3
1306 3149 1441 3212 palliolum

287 3222 438 3279 separantur
449 3215 600 3273 membrana,
614 3230 689 3277 quam
692 3215 840 3277 praecordia
890 3214 953 3262 aaa
963 3213 1057 3276 firsce'as
1074 3214 1162 3276 quibus
1177 3230 1251 3261 crura
1267 3215 1440 3264 vestiuntur...

288 3281 420 3345 appellant,
435 3281 497 3344 quia
511 3280 578 3328 cardi
583 3279 767 3342 praetenditur,
777 3281 843 3343 quad
890 3280 941 3326 sala
952 3285 1151 3341 excresarcpotest
1161 3279 1281 3327 ualetudo.

291 3347 381 3395 Graeci
389 3346 577 3409 appellaverunt
592 3345 687 3405 φρένας,
707 3344 832 3393 ‘midriff’
923 3346 1092 3403 mpenstylo
1110 3343 1201 3406 (collat.
1218 3343 1282 3391 form
1300 3343 1360 3392 with
1373 3347 1442 3407 peri·

320 3413 472 3470 greveffine,
501 3415 531 3457 ‘a
557 3409 633 3465 cold,’
665 3412 696 3458 ‘a
723 3409 840 3459 catarrh’
893 3407 981 3472 stylio)⁸
1005 3409 1060 3458 The
1072 3409 1204 3457 bedrooms
1216 3409 1299 3456 would
1311 3425 1376 3473 open
1388 3410 1443 3459 into

290 3475 380 3525 Catull.
395 3494 434 3538 44,
458 3489 486 3536 13
500 3475 539 3522 hic
550 3475 700 3538 megraveda
702 3474 806 3539 frigida
817 3482 841 3523 et
892 3474 933 3522 the
943 3474 1103 3538 peristylium.
1134 3477 1246 3522 saliente
1257 3486 1359 3532 aqum
1372 3475 1442 3523 foun-

281 3541 403 3605 frequens
414 3542 489 3588 tussis
500 3541 635 3602 quassavit.
891 3539 943 3588 tain
955 3539 980 3587 in
993 3539 1035 3587 the
1046 3539 1139 3602 garden
1151 3538 1180 3587 of
1192 3539 1234 3587 the
1249 3539 1353 3589 atrium.
1391 3541 1441 3604 Cp.

321 3610 359 3654 82.
385 3608 480 3663 pingui
490 3609 563 3663 toga,
579 3604 663 3652 ‘thick
674 3605 723 3653 and
736 3605 839 3654 coarse.’
892 3604 1114 3666 StatiusSilv.r,3‚
1121 3603 1151 3667 36
1160 3605 1442 3667 anpicturatalucentia

291 3671 366 3719 Mart.
379 3670 402 3729 6,
419 3685 456 3724 11,
471 3683 530 3732 7nee
540 3670 645 3733 pinguis
663 3671 747 3718 Gallia
761 3672 838 3718 vestit.
892 3685 1017 3717 marmora
1035 3685 1099 3718 vena
1116 3670 1209 3728 Mirer,
1229 3685 1264 3717 an
1281 3671 1383 3718 emissas
1394 3678 1445 3735 per

291 3735 323 3784 id.
340 3755 363 3797 4,
387 3750 427 3800 193
447 3735 501 3782 Iuv.
515 3749 538 3799 9,
554 3737 584 3784 28
597 3737 702 3798 pingues
717 3737 838 3790 lacernas,
889 3741 976 3782 cuncta
994 3735 1084 3782 cubilia
1101 3734 1236 3797 lyntphas?
1255 3734 1287 3782 id.
1311 3751 1331 3795 1,
1353 3752 1375 3795 a,
1396 3751 1443 3800 154

290 3801 447 3848 munimenta
459 3806 532 3862 togae.
889 3799 1026 3848 excludunt
1040 3799 1121 3848 radias
1136 3799 1207 3847 silvis
1223 3800 1327 3848 deneeua
1341 3803 1443 3850 vetustis

323 3869 458 3922 subucula,
474 3880 507 3913 an
523 3865 594 3912 inner
606 3864 673 3914 tunic
690 3863 784 3928 (tunica
800 3866 838 3914 in·
890 3865 1003 3927 Frigora,
1020 3865 1146 3928 perspicui
1161 3865 1255 3913 vivunt
1271 3865 1300 3913 in
1320 3882 1445 3916 marmore

289 3928 383 3992 terior),
393 3931 414 3978 is
426 3946 441 3979 a
452 3930 513 3978 shirt
525 3945 594 3978 worn
606 3930 685 3978 under
694 3930 735 3979 the
743 3932 838 3979 tunica.
881 3930 972 3993 santes.

291 3996 370 4043 Varro
392 3995 420 4043 de
442 3996 496 4043 vita
526 3995 553 4042 P.
578 3995 610 4042 R.
636 4011 676 4059 ap.
699 3996 767 4044 Non.
792 4011 837 4056 542
921 3997 1077 4043 ventilante.
1120 3994 1175 4042 The
1197 4010 1240 4043 use
1262 3995 1291 4043 of
1315 3994 1369 4044 fans
1392 4013 1444 4046 was

287 4067 415 4124 postquam
428 4060 500 4107 binar
510 4059 610 4107 tunicas
617 4060 704 4108 habere
714 4067 841 4123 caeperunt
889 4059 996 4116 ancient,
1008 4059 1104 4122 though
1116 4058 1212 4123 usually
1223 4059 1338 4109 confrued
1354 4069 1380 4109 to
1392 4078 1443 4111 wo·

290 4125 456 4173 instituerunt
472 4140 557 4173 vocare
570 4124 715 4173 subuculam
735 4134 757 4173 et
771 4127 839 4174 iutu-
890 4141 956 4174 men.
984 4125 1043 4173 Ter.
1055 4125 1126 4172 Eun.
1140 4138 1186 4186 595
1198 4132 1254 4188 cape
1264 4125 1307 4172 hac
1310 4125 1443 4187 flabellum

290 4191 365 4239 sium.
385 4190 447 4237 Hor.
459 4190 509 4253 Ep.
521 4206 541 4247 r,
555 4205 564 4237 1
585 4203 615 4252 95
624 4191 648 4238 si
645 4190 715 4253 farte
720 4191 840 4239 subucula
888 4198 912 4240 et
919 4191 1048 4238 vmtulum
1057 4189 1238 4251 huicsicsaeito
1246 4190 1306 4238 dum
1314 4187 1443 4241 lavamur.

286 4264 365 4320 pexae
382 4256 453 4302 Trita
464 4255 541 4303 subest
551 4256 655 4303 tunicae.
681 4255 760 4304 Plaut.
775 4256 838 4304 Aul.
891 4257 967 4304 Mart.
981 4271 1004 4318 3,
1018 4256 1056 4310 82.
1072 4269 1102 4304 10
1112 4260 1134 4302 et
1145 4256 1269 4302 aestuanti
1278 4262 1350 4304 tenue
1364 4258 1443 4305 venti-

291 4340 315 4383 4,
325 4340 349 4382 4,
361 4320 607 4369 aoneintertunicas
615 4321 708 4368 trabeas.
724 4319 840 4370 Becker's
890 4322 926 4368 lat
946 4321 1035 4385 frigus
1061 4320 1162 4382 Supina
1182 4320 1287 4384 prasina
1309 4322 1444 4372 concubina

294 4387 388 4440 Gallus,
401 4401 425 4448 p.
441 4384 496 4446 416,
513 4385 593 4448 Marq.
610 4399 647 4445 15,
660 4401 684 4448 p.
702 4401 754 4450 192.
881 4386 991 4450 flabello.
1032 4386 1144 4448 Propert.
1172 4401 1194 4448 3,
1222 4387 1259 4441 ι8,
1287 4403 1312 4435 rr
1337 4389 1445 4450 pavonis

324 4456 351 4499 et
362 4453 469 4498 tharam
480 4453 563 4497 laneo
600 4450 662 4497 This
674 4449 694 4497 is
703 4451 745 4498 the
757 4466 839 4499 emen·
890 4451 980 4500 caudae
983 4450 1087 4513 flabella
1097 4451 1202 4513 superbi.
1225 4450 1330 4499 Anthol.
1347 4469 1383 4512 rr,
1398 4468 1441 4503 101
