3270 5134
212 469 276 551 86.]
551 470 711 536 DIVUS
739 472 1021 537 AUGUSTUS.
1306 486 1363 552 153

211 642 316 705 nitate
352 651 385 705 et
421 642 653 706 reconditorum
689 641 866 718 verborum,
898 655 935 707 ut
969 644 1039 726 ipse
1071 644 1160 720 dicit,
1181 643 1367 726 fetoribus;

210 745 489 827 praecipuamque
515 766 628 809 curam
660 746 769 823 duxit,
799 737 932 809 sensum
964 746 1066 809 animi
1097 767 1198 829 quam
1229 747 1365 830 apertis·

210 847 293 910 sime
323 850 517 931 exprimere.
575 849 675 932 Quod
712 870 779 932 quo
815 833 943 913 facilius
973 849 1117 914 efficeret
1153 861 1211 914 aut
1246 851 1365 915 necubi

211 951 369 1016 lectorem
407 953 459 1017 vel
497 956 686 1018 auditorem
724 954 919 1018 obturbaret
956 975 995 1019 ac
1033 965 1225 1033 moraretur,
1259 976 1366 1038 neque

185 1058 474 1140 spraepositiones
501 1058 638 1121 urbibus
665 1059 788 1122 addere
815 1079 924 1141 neque
951 1059 1203 1123 coniunctiones
1233 1060 1365 1141 saepius

210 1160 328 1224 iterare
346 1161 522 1237 dubitavit,
541 1183 628 1244 quae
647 1163 818 1225 detractae
837 1160 980 1225 afferunt
999 1162 1124 1244 aliquid
1145 1163 1366 1238 obscuritatis,

210 1264 272 1327 etsi
298 1265 441 1347 gratiam
469 1275 602 1347 augent.
658 1265 839 1329 Cacozelos
867 1275 900 1329 et
928 1267 1142 1348 antiquarios,
1170 1276 1206 1330 ut
1232 1267 1365 1330 diverso

210 1388 330 1450 genere
353 1369 500 1444 vitiosos
523 1370 593 1451 pari
617 1368 752 1432 fastidio
775 1371 908 1451 sprevit,
931 1370 1192 1454 exagitabatque
1243 1438 1249 1448 ,
1275 1438 1280 1448 ,

211 1491 478 1555 nonnumquam;
510 1473 542 1535 in
571 1472 685 1556 primis
715 1473 947 1536 Maecenatem
971 1494 1077 1551 suum,
1100 1475 1193 1538 cuius
1215 1437 1358 1568 ffffisss

173 1598 197 1624 10
211 1577 428 1657 myrobrcclcis,
451 1587 488 1641 ut
514 1579 569 1652 ait,
592 1575 756 1640 cincinnos
785 1598 890 1660 usque
920 1598 1052 1661 quaque
1083 1599 1192 1661 perse·
1215 1569 1300 1683 iffi?

209 1682 322 1762 quitur
351 1691 385 1745 et
415 1682 579 1745 imitando
614 1701 674 1764 per
708 1682 818 1744 iocum
854 1682 973 1745 irridet.
1032 1681 1099 1746 Sed
1131 1703 1191 1746 nec

210 1783 344 1847 Tiberio
367 1786 472 1868 parcit
496 1794 529 1848 et
550 1785 701 1848 exoletas
725 1785 893 1848 interdum
917 1794 950 1848 et
974 1785 1162 1849 reconditas
1185 1783 1284 1849 uoces
1307 1807 1364 1849 au-

209 1891 352 1971 cupanti.
399 1891 443 1954 M.
468 1891 603 1974 quidem
630 1890 819 1954 Antonium
849 1900 885 1954 ut
909 1891 1063 1953 insanum
1087 1891 1247 1973 increpat,
1270 1892 1364 1972 quasi

209 2015 249 2057 ea
271 1995 484 2070 scribentem,
506 2015 594 2077 quae
618 1995 781 2058 mirentur
803 1996 915 2076 potius
938 1994 1089 2057 homines
1112 2015 1213 2076 quam
1237 1995 1365 2059 intelle-

172 2125 196 2163 1s
209 2109 311 2180 gant;
334 2099 455 2162 deinde
471 2099 589 2162 ludens
606 2098 732 2162 malum
752 2108 786 2162 et
806 2101 1000 2163 inconstans
1019 2101 1052 2162 in
1073 2100 1227 2182 eligendo
1243 2121 1365 2183 genere

209 2203 341 2266 dicendi
363 2204 532 2285 ingenium
555 2204 634 2280 eius,
656 2203 751 2266 addit
773 2203 869 2266 haec:
905 2203 1014 2285 Tuque
1035 2203 1175 2280 dubitas,
1200 2203 1367 2280 Cimberne

208 2306 344 2396 Annius
364 2327 408 2370 au
433 2305 592 2370 Veranius
609 2307 744 2370 Flaccus
766 2305 923 2370 imitandi
943 2306 1011 2369 sint
1033 2306 1101 2382 tibi,
1123 2307 1172 2370 ita
1194 2317 1232 2371 ut
1252 2308 1365 2387 verbis,

208 2459 342 2506 concinnae
353 2465 482 2522 acutaeque
491 2459 631 2508 sentcntiae.
667 2459 692 2508 It
702 2475 760 2522 may
811 2459 920 2522 agitetur
930 2464 959 2506 ut
965 2457 1079 2521 putribus.

209 2523 272 2572 refer
284 2523 406 2572 therefore
422 2532 449 2573 to
464 2521 498 2587 (r)
517 2524 630 2573 artificial
645 2540 760 2589 arrange·
842 2526 1232 2584 Maecenatem...myrobreohls
1243 2522 1363 2588 (μυροβρει

208 2597 286 2648 ment,
301 2587 336 2653 (a)
351 2589 476 2638 elaborate
490 2590 607 2639 selection
625 2590 654 2638 of
670 2591 759 2646 words,
810 2590 872 2650 χεῖς)
882 2592 1024 2638 dromos.
1048 2589 1104 2637 The
1112 2589 1239 2638 luxurious
1248 2590 1297 2638 and
1306 2590 1363 2639 effe-

209 2653 245 2717 (3)
257 2671 272 2703 a
283 2655 435 2704 sententious
446 2655 518 2717 style.
810 2655 904 2703 minate
920 2654 1003 2703 habits
1019 2653 1048 2702 of
1062 2655 1196 2703 Maecenas
1211 2670 1276 2704 were
1293 2664 1363 2705 noto·

240 2723 435 2768 reconditorum
456 2725 596 2768 verborum
620 2723 757 2781 fetoribus,
811 2719 884 2768 n'ous.
899 2720 1005 2769 SeeIuv.
1018 2717 1074 2779 1‚66
1082 2719 1153 2784 (with
1161 2720 1271 2784 Mayor's
1279 2723 1363 2781 note);

210 2785 267 2832 ‘the
291 2785 432 2834 affectation
460 2785 489 2833 of
514 2785 585 2848 using
613 2785 761 2835 far-setched
813 2800 850 2840 το,
864 2798 910 2848 39:
927 2785 993 2833 Vell.
1007 2785 1060 2833 Pat.
1075 2800 1097 2844 2,
1111 2786 1291 2845 88§aotioac
1304 2788 1363 2834 mol·

209 2849 311 2898 wordsl·
340 2850 402 2898 This
422 2850 601 2914 metaphorical
618 2866 661 2900 use
680 2851 708 2899 of
720 2851 760 2914 fl:-
810 2851 873 2899 litiis
878 2858 959 2914 poene
970 2851 1039 2898 ultro
1044 2851 1169 2915 feminam
1176 2851 1273 2915 Jlucns.
1308 2852 1364 2901 The

208 2922 270 2964 tores
287 2915 307 2964 is
325 2924 368 2964 not
384 2916 518 2964 elsewhere
531 2916 616 2964 found.
662 2917 759 2980 Augus·
812 2916 929 2964 ‘scented
941 2915 1020 2964 curls’
1037 2931 1079 2964 are
1091 2916 1150 2965 used
1166 2932 1194 2965 as
1211 2933 1243 2965 an
1255 2917 1362 2966 emblem

208 2988 248 3028 tus
261 2990 345 3029 meant
359 2989 386 3029 to
401 2996 444 3030 use
462 2997 477 3028 a
493 2989 580 3044 strong
596 2988 659 3029 term
675 2981 703 3030 of
719 2981 760 3030 the
810 2980 839 3029 of
847 2981 885 3029 his
897 2981 1002 3029 affected
1020 2981 1090 3042 style,
1104 2997 1143 3044 cp.
1161 2981 1221 3030 Tac.
1244 2983 1313 3030 Orat.
1333 2981 1363 3032 26

208 3046 271 3109 style
282 3045 416 3095 elsewhere
431 3045 557 3095 indicated
573 3047 606 3110 by
620 3046 662 3096 the
678 3047 760 3095 words
811 3047 899 3094 malim
914 3046 990 3094 lrcrcle
1005 3046 1055 3094 Gai
1071 3047 1177 3094 Gracchi
1189 3048 1306 3110 trapetum
1318 3054 1365 3096 out

203 3111 312 3173 putidus
320 3112 369 3159 and
379 3111 472 3174 putidi.
810 3111 887 3159 Lucii
895 3111 982 3160 Crassi
989 3110 1158 3159 maturitatem
1167 3127 1243 3175 quom
1250 3112 1362 3160 colomis-

241 3178 527 3236 praenpuem...‹1uxtt,
559 3177 646 3225 ‘made
673 3176 694 3225 it
721 3176 760 3226 his
810 3183 861 3224 tros
872 3177 1023 3224 Maecenatis
1034 3183 1080 3224 aut
1089 3177 1200 3224 tinnitus
1211 3177 1342 3225 Gallionis.

209 3241 277 3290 chief
285 3241 359 3299 care,'
373 3257 412 3306 cp.
426 3258 448 3290 c.
461 3258 489 3303 41
504 3243 624 3290 rotronem
636 3242 717 3290 duxit.
842 3243 980 3290 lmtaudo
1015 3242 1063 3290 See
1079 3243 1158 3290 Macr.
1175 3243 1229 3291 Sat.
1251 3259 1274 3300 a,
1290 3262 1314 3305 4,
1334 3259 1361 3292 ιο

240 3309 449 3365 praepositiones
461 3310 579 3356 mnibus.
614 3306 703 3356 Cicero
718 3307 763 3369 [ad
810 3307 940 3369 Augustus
957 3306 1019 3370 quio
1039 3307 1205 3355 Maecenatem
1223 3323 1297 3356 suum
1321 3324 1362 3356 uo·

208 3373 263 3420 Au.
273 3372 297 3428 6,
310 3386 326 3436 9
337 3374 350 3431 ἓ
365 3371 387 3432 1]
400 3380 477 3420 wrote
489 3372 518 3421 iu
530 3373 622 3420 Piraeo
632 3388 688 3420 cum
699 3373 759 3420 exis·
811 3379 880 3420 verat
897 3372 953 3420 stilo
969 3386 1015 3420 esse
1033 3372 1103 3420 molli
1116 3378 1139 3420 ct
1158 3372 1272 3421 dissoluto
1288 3373 1363 3422 talem

207 3453 265 3486 sem.
300 3437 342 3486 He
355 3453 405 3486 was
421 3437 521 3487 blamed
533 3437 571 3486 for
583 3436 640 3497 this,
654 3438 704 3486 and
720 3453 759 3486 ac·
809 3438 874 3486 sein
885 3437 1362 3501 epistuluquasadeumscribebatsac·

208 3501 373 3566 knowledged
383 3503 436 3551 that
445 3503 477 3551 he
485 3503 575 3551 should
587 3502 650 3552 have
663 3503 760 3552 written
805 3503 867 3566 plus
881 3502 1035 3551 exhibebat...
1066 3502 1136 3551 ‘vale
1149 3503 1186 3550 mi
1195 3503 1296 3552 ebenum
1308 3505 1362 3554 Me·

207 3567 335 3628 Piraeum,
358 3568 402 3617 but
420 3568 573 3617 maintained
590 3568 644 3617 that
661 3569 691 3616 in
708 3584 760 3617 was
809 3568 911 3624 cutia,
928 3568 988 3616 ebur
1006 3583 1037 3615 cx
1053 3567 1174 3628 Etruria,
1193 3569 1266 3617 lasur
1284 3572 1362 3622 Arre·

208 3641 311 3690 correct,
327 3649 378 3680 non
396 3633 465 3682 enim
484 3633 527 3682 lcoc
544 3640 573 3682 ut
589 3634 675 3697 oppido
686 3641 759 3698 proc-
810 3635 901 3690 anum,
924 3635 1028 3680 adamas
1050 3634 1185 3696 Supernas,
1214 3635 1362 3684 Tiberinum

203 3699 280 3762 posui
288 3698 330 3746 sed
339 3705 368 3746 ut
379 3699 427 3747 loco
438 3699 483 3758 [ad
492 3700 634 3759 Att.§1o].
810 3699 985 3762 margaritum,
1033 3698 1175 3747 Cc'lnioruac
1222 3702 1359 3764 sorarogde,

241 3761 761 3828 carmelus,¹pedants,’‘affectedwriters,’
810 3764 875 3827 iospi
906 3765 1069 3826 Iguoiorum,
1094 3764 1185 3813 berullo
1213 3766 1361 3824 Porsennae,

209 3828 295 3890 Quint.
316 3831 339 3885 8,
352 3845 366 3892 3
378 3832 392 3889 ς
404 3830 434 3890 58
449 3829 566 3878 cacozelon
581 3845 637 3878 vero
651 3829 762 3893 estquod
813 3829 968 3877 Carbunculc
979 3829 1111 3877 Hadriae)

207 3895 301 3942 dicitnr
316 3894 389 3942 aliter
402 3910 479 3958 quom
496 3910 520 3943 sc
538 3900 631 3943 notura
648 3895 719 3943 babet
737 3902 760 3943 et
841 3897 1182 3950 catomum...rntsuorant.
1211 3895 1299 3946 Cicero
1315 3896 1360 3946 fre·

207 3975 283 4023 quam
293 3966 382 4023 oportet
392 3969 414 4008 ct
423 3975 500 4023 quom
511 3966 550 4008 sot
559 3967 599 4009 cst.
809 3961 911 4024 quently
927 3959 1015 4022 laughs
1028 3968 1054 4008 at
1067 3959 1192 4023 Antony’s
1207 3961 1277 4024 style.
1314 3963 1362 4012 See

240 4028 414 4083 unuquarror,
431 4024 506 4073 ‘fond
517 4024 545 4073 of
554 4023 651 4073 archaic
663 4024 758 4084 forms,’
811 4038 824 4071 a
840 4025 909 4073 Phil.
928 4026 1003 4090 §953
1022 4039 1035 4086 3
1051 4027 1064 4084 ξ
1080 4040 1125 4092 95;
1144 4041 1158 4088 3
1174 4026 1199 4084 ἐξ
1215 4042 1311 4087 rr—r;
1332 4042 1360 4088 13

208 4089 348 4152 Quintilian
365 4090 391 4151 [l.
406 4106 427 4137 c.
440 4091 466 4150 ἐξ
479 4091 586 4151 α4-5ο]
600 4105 723 4154 approves
734 4090 763 4138 of
809 4093 880 4152 §433
900 4090 963 4138 Plut.
979 4091 1041 4138 Aret.
1061 4104 1074 4137 n
1089 4092 1178 4152 ἐχρῆτο
1191 4092 1216 4139 δὲ
1229 4088 1264 4152 τῷ
1275 4094 1360 4141 καλου-

208 4155 258 4204 this
277 4164 303 4204 to
320 4171 335 4203 a
355 4155 448 4204 certain
468 4163 560 4212 extent,
581 4155 759 4204 seducendum
809 4156 872 4215 μένῳ
885 4155 929 4214 μὲν
945 4151 1050 4216 ’Δσιανῷ
1069 4153 1134 4214 ζήλῳ
1150 4157 1197 4203 τῶν
1211 4156 1301 4218 λό’γων,
1320 4159 1361 4205 ir·

208 4220 284 4277 nudo,
296 4235 339 4268 nec
352 4237 383 4270 ex
397 4221 495 4269 ultiouis
508 4220 610 4269 tenebris
625 4220 759 4284 repetendo.
810 4222 891 4268 θοῦντι
909 4221 1017 4278 μάλιστα
1034 4218 1087 4268 κατ’
1105 4222 1191 4269 ἐκεῖνον
1208 4222 1250 4269 τὸν
1266 4223 1361 4284 χρόνον,

208 4286 302 4335 Sallust
321 4301 371 4334 was
389 4285 431 4334 the
448 4285 516 4335 chief
534 4285 645 4338 offender
664 4285 690 4335 in
710 4285 760 4334 this
809 4287 889 4346 ἔχοντι
902 4284 926 4334 δὲ
938 4285 1033 4345 πολλὴν
1045 4285 1174 4345 ὁμοιότητα
1186 4287 1244 4348 πρὸς
1254 4289 1296 4335 τὸν
1307 4289 1361 4350 βίον

207 4359 303 4415 respect
315 4351 339 4411 [ἐ
352 4352 402 4416 α9].
809 4352 882 4399 αὐτοῦ
893 4351 1007 4410 κομπώδη
1019 4352 1058 4398 nal
1070 4353 1241 4412 φρυαγματίαν
1250 4368 1308 4400 οντα
1321 4355 1361 4402 rai

240 4419 403 4474 ingruunt,
415 4415 546 4479 ‘violently
553 4415 686 4465 attacked.’
697 4415 759 4464 Cae·
809 4417 878 4464 κενοῦ
899 4416 1061 4478 γαυριάματος
1082 4418 1122 4463 καὶ
1145 4419 1281 4477 φιλοτιμίας
1303 4413 1360 4466 iru-

208 4497 255 4538 sar,
261 4483 293 4530 B.
304 4483 349 4530 cio.
358 4497 378 4538 r,
388 4497 401 4529 a
410 4481 526 4530 biomncs
536 4481 641 4529 conuicio
652 4481 760 4529 consulis
808 4481 887 4540 μάλου
897 4482 996 4539 μεστόν.
1031 4482 1079 4530 See
1091 4497 1115 4545 p.
1134 4496 1186 4542 ¹54·

207 4547 518 4674 ttttt‘llltl‘ltl
531 4547 758 4660 intituli:
809 4546 1362 4677 ..illitltlttl'nlatlltltfr
