<?xml version="1.0" encoding="UTF-8"?>
<!DOCTYPE html PUBLIC "-//W3C//DTD XHTML 1.0 Transitional//EN"
    "http://www.w3.org/TR/xhtml1/DTD/xhtml1-transitional.dtd">
<html xmlns="http://www.w3.org/1999/xhtml" xml:lang="en" lang="en">
 <head>
  <title>
</title>
<meta http-equiv="Content-Type" content="text/html;charset=utf-8" />
  <meta name='ocr-system' content='tesseract 3.04.00' />
  <meta name='ocr-capabilities' content='ocr_page ocr_carea ocr_par ocr_line ocrx_word'/>
</head>
<body>
  <div class='ocr_page' id='page_1' title='image "./divusaugustus00shucgoog_0218.png"; bbox 0 0 3270 5134; ppageno 0'>
   <div class='ocr_carea' id='block_1_1' title="bbox 215 352 1371 436">
    <p class='ocr_par' dir='ltr' id='par_1_1' title="bbox 215 352 1371 436">
     <span class='ocr_line' id='line_1_1' title="bbox 215 352 1371 436; baseline 0 -20"><span class='ocrx_word' id='word_1_1' title='bbox 215 353 282 436; x_wconf 87' lang='lat'>97.]</span> <span class='ocrx_word' id='word_1_2' title='bbox 560 353 719 419; x_wconf 77' lang='lat' dir='ltr'>orrus</span> <span class='ocrx_word' id='word_1_3' title='bbox 748 352 1030 419; x_wconf 65' lang='lat' dir='ltr'>euarestus</span> <span class='ocrx_word' id='word_1_4' title='bbox 1311 353 1371 434; x_wconf 89' lang='lat'>167</span> 
     </span>
    </p>
   </div>
   <div class='ocr_carea' id='block_1_2' title="bbox 156 523 1426 2486">
    <p class='ocr_par' dir='ltr' id='par_1_2' title="bbox 156 523 1426 2486">
     <span class='ocr_line' id='line_1_2' title="bbox 216 523 1370 608; baseline 0 -20"><span class='ocrx_word' id='word_1_5' title='bbox 216 527 435 608; x_wconf 87' lang='lat' dir='ltr'>supersedens</span> <span class='ocrx_word' id='word_1_6' title='bbox 456 526 541 590; x_wconf 89' lang='lat' dir='ltr'>duos</span> <span class='ocrx_word' id='word_1_7' title='bbox 557 546 675 591; x_wconf 87' lang='lat' dir='ltr'>corvos</span> <span class='ocrx_word' id='word_1_8' title='bbox 695 524 772 589; x_wconf 90' lang='lat' dir='ltr'>hinc</span> <span class='ocrx_word' id='word_1_9' title='bbox 787 535 822 590; x_wconf 98' lang='lat' dir='ltr'>et</span> <span class='ocrx_word' id='word_1_10' title='bbox 837 525 915 590; x_wconf 89' lang='lat' dir='ltr'>inde</span> <span class='ocrx_word' id='word_1_11' title='bbox 932 523 1120 590; x_wconf 79' lang='lat' dir='ltr'>infestantis</span> <span class='ocrx_word' id='word_1_12' title='bbox 1136 525 1257 589; x_wconf 87' lang='lat' dir='ltr'>afflixit</span> <span class='ocrx_word' id='word_1_13' title='bbox 1273 534 1307 589; x_wconf 89' lang='lat' dir='ltr'>et</span> <span class='ocrx_word' id='word_1_14' title='bbox 1326 523 1370 588; x_wconf 91' lang='lat' dir='ltr'>ad</span> 
     </span>
     <span class='ocr_line' id='line_1_3' title="bbox 216 629 1372 712; baseline 0 -20"><span class='ocrx_word' id='word_1_15' title='bbox 216 637 339 693; x_wconf 91' lang='lat' dir='ltr'>terram</span> <span class='ocrx_word' id='word_1_16' title='bbox 351 630 461 704; x_wconf 89' lang='lat' dir='ltr'>dedit;</span> <span class='ocrx_word' id='word_1_17' title='bbox 485 640 624 695; x_wconf 89' lang='lat' dir='ltr'>notante</span> <span class='ocrx_word' id='word_1_18' title='bbox 636 630 728 693; x_wconf 94' lang='lat' dir='ltr'>omni</span> <span class='ocrx_word' id='word_1_19' title='bbox 739 631 898 706; x_wconf 90' lang='lat' dir='ltr'>exercitu,</span> <span class='ocrx_word' id='word_1_20' title='bbox 908 629 1053 695; x_wconf 87' lang='lat' dir='ltr'>suturam</span> <span class='ocrx_word' id='word_1_21' title='bbox 1066 630 1269 712; x_wconf 89' lang='lat' dir='ltr'>quandoque</span> <span class='ocrx_word' id='word_1_22' title='bbox 1285 629 1372 692; x_wconf 87' lang='lat' dir='ltr'>inter</span> 
     </span>
     <span class='ocr_line' id='line_1_4' title="bbox 215 731 1369 816; baseline -0.001 -21"><span class='ocrx_word' id='word_1_23' title='bbox 215 732 361 816; x_wconf 90' lang='lat' dir='ltr'>collegas</span> <span class='ocrx_word' id='word_1_24' title='bbox 371 733 572 797; x_wconf 88' lang='lat' dir='ltr'>discordiam</span> <span class='ocrx_word' id='word_1_25' title='bbox 583 731 684 798; x_wconf 90' lang='lat' dir='ltr'>talem</span> <span class='ocrx_word' id='word_1_26' title='bbox 698 732 806 816; x_wconf 93' lang='lat' dir='ltr'>qualis</span> <span class='ocrx_word' id='word_1_27' title='bbox 816 743 930 798; x_wconf 91' lang='lat' dir='ltr'>secuta</span> <span class='ocrx_word' id='word_1_28' title='bbox 942 743 1001 813; x_wconf 88' lang='lat' dir='ltr'>est,</span> <span class='ocrx_word' id='word_1_29' title='bbox 1014 742 1048 797; x_wconf 93' lang='lat' dir='ltr'>et</span> <span class='ocrx_word' id='word_1_30' title='bbox 1059 734 1190 797; x_wconf 89' lang='lat' dir='ltr'>exitum</span> <span class='ocrx_word' id='word_1_31' title='bbox 1201 733 1369 816; x_wconf 89' lang='lat' dir='ltr'>praesagi·</span> 
     </span>
     <span class='ocr_line' id='line_1_5' title="bbox 215 834 1370 918; baseline 0.003 -19"><span class='ocrx_word' id='word_1_32' title='bbox 215 844 300 899; x_wconf 86' lang='lat' dir='ltr'>ente.</span> <span class='ocrx_word' id='word_1_33' title='bbox 346 834 508 918; x_wconf 84' lang='lat' dir='ltr'><strong>Philippis</strong></span> <span class='ocrx_word' id='word_1_34' title='bbox 520 835 702 900; x_wconf 90' lang='lat' dir='ltr'>Thessalus</span> <span class='ocrx_word' id='word_1_35' title='bbox 718 835 855 918; x_wconf 91' lang='lat' dir='ltr'>quidam</span> <span class='ocrx_word' id='word_1_36' title='bbox 872 835 1038 900; x_wconf 81' lang='lat' dir='ltr'>defutura</span> <span class='ocrx_word' id='word_1_37' title='bbox 1049 835 1188 900; x_wconf 90' lang='lat' dir='ltr'>victoria</span> <span class='ocrx_word' id='word_1_38' title='bbox 1203 835 1370 904; x_wconf 90' lang='lat' dir='ltr'>nuntiavit</span> 
     </span>
     <span class='ocr_line' id='line_1_6' title="bbox 189 938 1369 1022; baseline -0.003 -14"><span class='ocrx_word' id='word_1_39' title='bbox 189 970 201 1008; x_wconf 79' lang='lat' dir='ltr'>s</span> <span class='ocrx_word' id='word_1_40' title='bbox 214 948 348 1003; x_wconf 91' lang='lat' dir='ltr'>auctore</span> <span class='ocrx_word' id='word_1_41' title='bbox 362 940 451 1003; x_wconf 90' lang='lat' dir='ltr'>Divo</span> <span class='ocrx_word' id='word_1_42' title='bbox 464 939 614 1017; x_wconf 86' lang='lat' dir='ltr'>Caesare,</span> <span class='ocrx_word' id='word_1_43' title='bbox 627 939 719 1002; x_wconf 93' lang='lat' dir='ltr'>cuius</span> <span class='ocrx_word' id='word_1_44' title='bbox 732 938 794 1003; x_wconf 94' lang='lat' dir='ltr'>sibi</span> <span class='ocrx_word' id='word_1_45' title='bbox 810 939 937 1022; x_wconf 89' lang='lat' dir='ltr'>species</span> <span class='ocrx_word' id='word_1_46' title='bbox 950 941 1066 1004; x_wconf 89' lang='lat' dir='ltr'>itinere</span> <span class='ocrx_word' id='word_1_47' title='bbox 1078 940 1154 1003; x_wconf 92' lang='lat' dir='ltr'>avio</span> <span class='ocrx_word' id='word_1_48' title='bbox 1166 939 1369 1005; x_wconf 89' lang='lat' dir='ltr'>occurrisset.</span> 
     </span>
     <span class='ocr_line' id='line_1_7' title="bbox 280 1041 1369 1125; baseline -0.002 -17"><span class='ocrx_word' id='word_1_49' title='bbox 280 1042 376 1108; x_wconf 91' lang='lat' dir='ltr'>Circa</span> <span class='ocrx_word' id='word_1_50' title='bbox 399 1042 579 1120; x_wconf 88' lang='lat' dir='ltr'>Perusiam,</span> <span class='ocrx_word' id='word_1_51' title='bbox 599 1041 760 1108; x_wconf 91' lang='lat' dir='ltr'>sacrificio</span> <span class='ocrx_word' id='word_1_52' title='bbox 783 1062 850 1105; x_wconf 91' lang='lat' dir='ltr'>non</span> <span class='ocrx_word' id='word_1_53' title='bbox 873 1042 983 1107; x_wconf 87' lang='lat' dir='ltr'><strong>litanti</strong></span> <span class='ocrx_word' id='word_1_54' title='bbox 1006 1063 1083 1107; x_wconf 92' lang='lat' dir='ltr'>cum</span> <span class='ocrx_word' id='word_1_55' title='bbox 1106 1043 1219 1125; x_wconf 83' lang='lat' dir='ltr'>augeri</span> <span class='ocrx_word' id='word_1_56' title='bbox 1242 1044 1369 1107; x_wconf 92' lang='lat' dir='ltr'>hostias</span> 
     </span>
     <span class='ocr_line' id='line_1_8' title="bbox 214 1145 1368 1230; baseline 0.003 -22"><span class='ocrx_word' id='word_1_57' title='bbox 214 1145 419 1228; x_wconf 88' lang='lat' dir='ltr'>imperasset,</span> <span class='ocrx_word' id='word_1_58' title='bbox 444 1166 483 1209; x_wconf 92' lang='lat' dir='ltr'>ac</span> <span class='ocrx_word' id='word_1_59' title='bbox 510 1147 620 1210; x_wconf 91' lang='lat' dir='ltr'>subita</span> <span class='ocrx_word' id='word_1_60' title='bbox 651 1145 825 1230; x_wconf 88' lang='lat' dir='ltr'>eruptione</span> <span class='ocrx_word' id='word_1_61' title='bbox 855 1146 969 1212; x_wconf 90' lang='lat' dir='ltr'>hostes</span> <span class='ocrx_word' id='word_1_62' title='bbox 999 1168 1134 1212; x_wconf 94' lang='lat' dir='ltr'>omnem</span> <span class='ocrx_word' id='word_1_63' title='bbox 1162 1148 1207 1211; x_wconf 95' lang='lat' dir='ltr'>rei</span> <span class='ocrx_word' id='word_1_64' title='bbox 1235 1147 1368 1212; x_wconf 88' lang='lat' dir='ltr'>divinae</span> 
     </span>
     <span class='ocr_line' id='line_1_9' title="bbox 156 1203 1367 1335; baseline 0.002 -24"><span class='ocrx_word' id='word_1_65' title='bbox 156 1203 187 1310; x_wconf 69' lang='lat' dir='ltr'>il</span> <span class='ocrx_word' id='word_1_66' title='bbox 213 1259 412 1333; x_wconf 90' lang='lat' dir='ltr'>apparatum</span> <span class='ocrx_word' id='word_1_67' title='bbox 436 1249 661 1326; x_wconf 86' lang='lat' dir='ltr'>abstulissent,</span> <span class='ocrx_word' id='word_1_68' title='bbox 675 1252 825 1314; x_wconf 89' lang='lat' dir='ltr'>constitit</span> <span class='ocrx_word' id='word_1_69' title='bbox 849 1251 935 1315; x_wconf 91' lang='lat' dir='ltr'>inter</span> <span class='ocrx_word' id='word_1_70' title='bbox 957 1251 1157 1335; x_wconf 91' lang='lat' dir='ltr'>haruspices,</span> <span class='ocrx_word' id='word_1_71' title='bbox 1173 1272 1260 1334; x_wconf 93' lang='lat' dir='ltr'>quae</span> <span class='ocrx_word' id='word_1_72' title='bbox 1282 1252 1367 1334; x_wconf 89' lang='lat' dir='ltr'>peri·</span> 
     </span>
     <span class='ocr_line' id='line_1_10' title="bbox 214 1354 1367 1434; baseline 0 -16"><span class='ocrx_word' id='word_1_73' title='bbox 214 1355 327 1418; x_wconf 92' lang='lat' dir='ltr'>culosa</span> <span class='ocrx_word' id='word_1_74' title='bbox 353 1365 388 1419; x_wconf 89' lang='lat' dir='ltr'>et</span> <span class='ocrx_word' id='word_1_75' title='bbox 413 1356 553 1419; x_wconf 91' lang='lat' dir='ltr'>adversa</span> <span class='ocrx_word' id='word_1_76' title='bbox 583 1354 781 1418; x_wconf 88' lang='lat' dir='ltr'>sacrificanti</span> <span class='ocrx_word' id='word_1_77' title='bbox 812 1356 1010 1420; x_wconf 88' lang='lat' dir='ltr'>denuntiata</span> <span class='ocrx_word' id='word_1_78' title='bbox 1036 1366 1155 1434; x_wconf 89' lang='lat' dir='ltr'>essent,</span> <span class='ocrx_word' id='word_1_79' title='bbox 1182 1365 1302 1419; x_wconf 91' lang='lat' dir='ltr'>cuncta</span> <span class='ocrx_word' id='word_1_80' title='bbox 1333 1357 1367 1418; x_wconf 94' lang='lat' dir='ltr'>in</span> 
     </span>
     <span class='ocr_line' id='line_1_11' title="bbox 176 1457 1367 1543; baseline -0.002 -17"><span class='ocrx_word' id='word_1_81' title='bbox 176 1498 201 1525; x_wconf 68' lang='grc' dir='ltr'>ιο</span> <span class='ocrx_word' id='word_1_82' title='bbox 214 1460 304 1541; x_wconf 90' lang='lat' dir='ltr'>ipsos</span> <span class='ocrx_word' id='word_1_83' title='bbox 320 1479 471 1523; x_wconf 86' lang='lat' dir='ltr'>recasura</span> <span class='ocrx_word' id='word_1_84' title='bbox 486 1459 543 1542; x_wconf 94' lang='lat' dir='ltr'>qui</span> <span class='ocrx_word' id='word_1_85' title='bbox 560 1468 642 1523; x_wconf 89' lang='lat' dir='ltr'>exta</span> <span class='ocrx_word' id='word_1_86' title='bbox 657 1457 833 1536; x_wconf 89' lang='lat' dir='ltr'>haberent;</span> <span class='ocrx_word' id='word_1_87' title='bbox 857 1479 965 1543; x_wconf 91' lang='lat' dir='ltr'>neque</span> <span class='ocrx_word' id='word_1_88' title='bbox 980 1459 1077 1524; x_wconf 89' lang='lat' dir='ltr'>aliter</span> <span class='ocrx_word' id='word_1_89' title='bbox 1092 1460 1212 1524; x_wconf 84' lang='lat' dir='ltr'>evenit</span> <span class='ocrx_word' id='word_1_90' title='bbox 1258 1459 1367 1524; x_wconf 93' lang='lat' dir='ltr'>Pridie</span> 
     </span>
     <span class='ocr_line' id='line_1_12' title="bbox 213 1562 1366 1646; baseline 0.001 -20"><span class='ocrx_word' id='word_1_91' title='bbox 213 1583 314 1646; x_wconf 91' lang='lat' dir='ltr'>quam</span> <span class='ocrx_word' id='word_1_92' title='bbox 328 1562 534 1627; x_wconf 88' lang='lat' dir='ltr'>Siciliensem</span> <span class='ocrx_word' id='word_1_93' title='bbox 552 1582 700 1645; x_wconf 90' lang='lat' dir='ltr'>pugnam</span> <span class='ocrx_word' id='word_1_94' title='bbox 716 1562 821 1626; x_wconf 91' lang='lat' dir='ltr'>classe</span> <span class='ocrx_word' id='word_1_95' title='bbox 836 1563 1071 1639; x_wconf 89' lang='lat' dir='ltr'>committeret,</span> <span class='ocrx_word' id='word_1_96' title='bbox 1086 1562 1316 1628; x_wconf 89' lang='lat' dir='ltr'>deambulanti</span> <span class='ocrx_word' id='word_1_97' title='bbox 1333 1565 1366 1627; x_wconf 91' lang='lat' dir='ltr'>in</span> 
     </span>
     <span class='ocr_line' id='line_1_13' title="bbox 212 1667 1366 1751; baseline 0 -21"><span class='ocrx_word' id='word_1_98' title='bbox 212 1667 308 1730; x_wconf 89' lang='lat' dir='ltr'>litore</span> <span class='ocrx_word' id='word_1_99' title='bbox 323 1668 423 1751; x_wconf 91' lang='lat' dir='ltr'>piscis</span> <span class='ocrx_word' id='word_1_100' title='bbox 439 1688 457 1731; x_wconf 90' lang='lat' dir='ltr'>e</span> <span class='ocrx_word' id='word_1_101' title='bbox 473 1669 556 1731; x_wconf 91' lang='lat' dir='ltr'>mari</span> <span class='ocrx_word' id='word_1_102' title='bbox 573 1667 703 1731; x_wconf 87' lang='lat' dir='ltr'>exilivit</span> <span class='ocrx_word' id='word_1_103' title='bbox 718 1677 752 1731; x_wconf 91' lang='lat' dir='ltr'>et</span> <span class='ocrx_word' id='word_1_104' title='bbox 768 1667 811 1730; x_wconf 92' lang='lat' dir='ltr'>ad</span> <span class='ocrx_word' id='word_1_105' title='bbox 828 1668 930 1750; x_wconf 90' lang='lat' dir='ltr'>pedes</span> <span class='ocrx_word' id='word_1_106' title='bbox 950 1668 1060 1732; x_wconf 90' lang='lat' dir='ltr'>iacuit.</span> <span class='ocrx_word' id='word_1_107' title='bbox 1106 1667 1210 1751; x_wconf 90' lang='lat' dir='ltr'>Apud</span> <span class='ocrx_word' id='word_1_108' title='bbox 1228 1667 1366 1731; x_wconf 92' lang='lat' dir='ltr'>Actium</span> 
     </span>
     <span class='ocr_line' id='line_1_14' title="bbox 211 1771 1365 1848; baseline 0 -13"><span class='ocrx_word' id='word_1_109' title='bbox 211 1771 427 1836; x_wconf 89' lang='lat' dir='ltr'>descendenti</span> <span class='ocrx_word' id='word_1_110' title='bbox 451 1773 483 1836; x_wconf 94' lang='lat' dir='ltr'>in</span> <span class='ocrx_word' id='word_1_111' title='bbox 510 1773 614 1837; x_wconf 94' lang='lat' dir='ltr'>aciem</span> <span class='ocrx_word' id='word_1_112' title='bbox 643 1771 764 1836; x_wconf 91' lang='lat' dir='ltr'>asellus</span> <span class='ocrx_word' id='word_1_113' title='bbox 792 1793 868 1836; x_wconf 94' lang='lat' dir='ltr'>cum</span> <span class='ocrx_word' id='word_1_114' title='bbox 897 1773 1041 1836; x_wconf 90' lang='lat' dir='ltr'>asinario</span> <span class='ocrx_word' id='word_1_115' title='bbox 1064 1773 1215 1848; x_wconf 89' lang='lat' dir='ltr'>occurrit,</span> <span class='ocrx_word' id='word_1_116' title='bbox 1238 1772 1365 1836; x_wconf 93' lang='lat' dir='ltr'>homini</span> 
     </span>
     <span class='ocr_line' id='line_1_15' title="bbox 213 1876 1364 1962; baseline 0 -22"><span class='ocrx_word' id='word_1_117' title='bbox 213 1877 396 1962; x_wconf 90' lang='lat' dir='ltr'>Eutychus,</span> <span class='ocrx_word' id='word_1_118' title='bbox 415 1878 542 1942; x_wconf 89' lang='lat' dir='ltr'>bestiae</span> <span class='ocrx_word' id='word_1_119' title='bbox 564 1877 674 1942; x_wconf 92' lang='lat' dir='ltr'>Nicon</span> <span class='ocrx_word' id='word_1_120' title='bbox 698 1888 767 1941; x_wconf 89' lang='lat' dir='ltr'>erat</span> <span class='ocrx_word' id='word_1_121' title='bbox 792 1897 929 1953; x_wconf 87' lang='lat' dir='ltr'>nomen3</span> <span class='ocrx_word' id='word_1_122' title='bbox 957 1877 1128 1959; x_wconf 89' lang='lat' dir='ltr'>utriusque</span> <span class='ocrx_word' id='word_1_123' title='bbox 1151 1876 1364 1941; x_wconf 90' lang='lat' dir='ltr'>simulacrum</span> 
     </span>
     <span class='ocr_line' id='line_1_16' title="bbox 173 1981 1364 2065; baseline 0.006 -27"><span class='ocrx_word' id='word_1_124' title='bbox 173 2011 197 2050; x_wconf 70' lang='grc' dir='ltr'>ιε</span> <span class='ocrx_word' id='word_1_125' title='bbox 211 2002 351 2045; x_wconf 91' lang='lat' dir='ltr'>aeneum</span> <span class='ocrx_word' id='word_1_126' title='bbox 373 1983 480 2047; x_wconf 91' lang='lat' dir='ltr'>victor</span> <span class='ocrx_word' id='word_1_127' title='bbox 502 1983 614 2065; x_wconf 89' lang='lat' dir='ltr'>posuit</span> <span class='ocrx_word' id='word_1_128' title='bbox 636 1983 670 2046; x_wconf 92' lang='lat' dir='ltr'>in</span> <span class='ocrx_word' id='word_1_129' title='bbox 692 1981 829 2064; x_wconf 92' lang='lat' dir='ltr'>templo,</span> <span class='ocrx_word' id='word_1_130' title='bbox 852 1983 885 2044; x_wconf 93' lang='lat' dir='ltr'>in</span> <span class='ocrx_word' id='word_1_131' title='bbox 909 1983 1000 2064; x_wconf 94' lang='lat' dir='ltr'>quod</span> <span class='ocrx_word' id='word_1_132' title='bbox 1023 1991 1206 2046; x_wconf 91' lang='lat' dir='ltr'>castrorum</span> <span class='ocrx_word' id='word_1_133' title='bbox 1230 2002 1364 2045; x_wconf 93' lang='lat' dir='ltr'>suorum</span> 
     </span>
     <span class='ocr_line' id='line_1_17' title="bbox 210 2086 451 2152; baseline 0.012 -4"><span class='ocrx_word' id='word_1_134' title='bbox 210 2086 319 2151; x_wconf 93' lang='lat' dir='ltr'>locum</span> <span class='ocrx_word' id='word_1_135' title='bbox 343 2088 451 2152; x_wconf 91' lang='lat' dir='ltr'>vertit.</span> 
     </span>
     <span class='ocr_line' id='line_1_18' title="bbox 277 2188 1417 2274; baseline -0.002 -20"><span class='ocrx_word' id='word_1_136' title='bbox 277 2191 369 2254; x_wconf 92' lang='lat' dir='ltr'>Mors</span> <span class='ocrx_word' id='word_1_137' title='bbox 391 2211 524 2274; x_wconf 93' lang='lat' dir='ltr'>quoque</span> <span class='ocrx_word' id='word_1_138' title='bbox 547 2191 626 2268; x_wconf 91' lang='lat' dir='ltr'>eius,</span> <span class='ocrx_word' id='word_1_139' title='bbox 649 2192 692 2255; x_wconf 89' lang='lat' dir='ltr'>de</span> <span class='ocrx_word' id='word_1_140' title='bbox 714 2210 782 2273; x_wconf 91' lang='lat' dir='ltr'>qua</span> <span class='ocrx_word' id='word_1_141' title='bbox 804 2189 882 2253; x_wconf 92' lang='lat' dir='ltr'>hinc</span> <span class='ocrx_word' id='word_1_142' title='bbox 898 2189 1017 2266; x_wconf 87' lang='lat' dir='ltr'>dicam,</span> <span class='ocrx_word' id='word_1_143' title='bbox 1040 2188 1265 2272; x_wconf 90' lang='lat' dir='ltr'>divinitasque</span> <span class='ocrx_word' id='word_1_144' title='bbox 1288 2198 1365 2271; x_wconf 93' lang='lat' dir='ltr'>post</span> <span class='ocrx_word' id='word_1_145' title='bbox 1378 2200 1417 2259; x_wconf 79' lang='grc'>97</span> 
     </span>
     <span class='ocr_line' id='line_1_19' title="bbox 211 2292 1426 2406; baseline -0.002 -50"><span class='ocrx_word' id='word_1_146' title='bbox 211 2303 352 2358; x_wconf 87' lang='lat' dir='ltr'>mortem</span> <span class='ocrx_word' id='word_1_147' title='bbox 365 2294 623 2358; x_wconf 91' lang='lat' dir='ltr'>evidentissimis</span> <span class='ocrx_word' id='word_1_148' title='bbox 635 2293 776 2356; x_wconf 91' lang='lat' dir='ltr'>ostentis</span> <span class='ocrx_word' id='word_1_149' title='bbox 787 2293 1004 2375; x_wconf 90' lang='lat' dir='ltr'>praecognita</span> <span class='ocrx_word' id='word_1_150' title='bbox 1016 2301 1076 2356; x_wconf 90' lang='lat' dir='ltr'>est.</span> <span class='ocrx_word' id='word_1_151' title='bbox 1104 2292 1189 2358; x_wconf 93' lang='lat' dir='ltr'>Cum</span> <span class='ocrx_word' id='word_1_152' title='bbox 1214 2357 1237 2406; x_wconf 94' lang='lat'>0</span> <span class='ocrx_word' id='word_1_153' title='bbox 1423 2305 1426 2312; x_wconf 81' lang='grc'>’</span> 
     </span>
     <span class='ocr_line' id='line_1_20' title="bbox 209 2371 1343 2486; baseline -0.003 -24"><span class='ocrx_word' id='word_1_154' title='bbox 209 2399 350 2462; x_wconf 92' lang='lat' dir='ltr'>lustrum</span> <span class='ocrx_word' id='word_1_155' title='bbox 374 2398 409 2462; x_wconf 73' lang='lat' dir='ltr'>in&#39;</span> <span class='ocrx_word' id='word_1_156' title='bbox 430 2419 551 2481; x_wconf 93' lang='lat' dir='ltr'>campo</span> <span class='ocrx_word' id='word_1_157' title='bbox 573 2399 697 2462; x_wconf 91' lang='lat' dir='ltr'>Martio</span> <span class='ocrx_word' id='word_1_158' title='bbox 720 2418 843 2480; x_wconf 91' lang='lat' dir='ltr'>magna</span> <span class='ocrx_word' id='word_1_159' title='bbox 866 2395 982 2479; x_wconf 92' lang='lat' dir='ltr'>populi</span> <span class='ocrx_word' id='word_1_160' title='bbox 1005 2396 1190 2479; x_wconf 79' lang='lat' dir='ltr'>frequentia</span> <span class='ocrx_word' id='word_1_161' title='bbox 1213 2371 1343 2486; x_wconf 53' lang='grc' dir='ltr'>ρῖἒέιῗὲῑῑο</span> 
     </span>
    </p>
   </div>
   <div class='ocr_carea' id='block_1_3' title="bbox 172 2486 1296 2603">
    <p class='ocr_par' dir='ltr' id='par_1_3' title="bbox 172 2486 1296 2603">
     <span class='ocr_line' id='line_1_21' title="bbox 172 2486 1296 2603; baseline 0 -35"><span class='ocrx_word' id='word_1_162' title='bbox 172 2502 376 2580; x_wconf 63' lang='lat' dir='ltr'>„conderet</span> <span class='ocrx_word' id='word_1_163' title='bbox 402 2503 514 2586; x_wconf 92' lang='lat' dir='ltr'>aquila</span> <span class='ocrx_word' id='word_1_164' title='bbox 541 2522 617 2567; x_wconf 89' lang='lat' dir='ltr'>eum</span> <span class='ocrx_word' id='word_1_165' title='bbox 645 2502 778 2584; x_wconf 90' lang='lat' dir='ltr'>saepius</span> <span class='ocrx_word' id='word_1_166' title='bbox 804 2500 1055 2564; x_wconf 91' lang='lat' dir='ltr'>circumvolavit</span> <span class='ocrx_word' id='word_1_167' title='bbox 1082 2510 1188 2565; x_wconf 90' lang='lat' dir='ltr'>trans·</span> <span class='ocrx_word' id='word_1_168' title='bbox 1210 2486 1296 2603; x_wconf 49' lang='lat'>{2¹3</span> 
     </span>
    </p>
   </div>
   <div class='ocr_carea' id='block_1_4' title="bbox 209 2605 1363 3001">
    <p class='ocr_par' dir='ltr' id='par_1_4' title="bbox 209 2605 1189 2690">
     <span class='ocr_line' id='line_1_22' title="bbox 209 2605 1189 2690; baseline -0.002 -20"><span class='ocrx_word' id='word_1_169' title='bbox 209 2627 389 2690; x_wconf 91' lang='lat' dir='ltr'>gressaque</span> <span class='ocrx_word' id='word_1_170' title='bbox 410 2608 444 2670; x_wconf 91' lang='lat' dir='ltr'>in</span> <span class='ocrx_word' id='word_1_171' title='bbox 459 2607 602 2670; x_wconf 91' lang='lat' dir='ltr'>vicinam</span> <span class='ocrx_word' id='word_1_172' title='bbox 619 2607 738 2670; x_wconf 91' lang='lat' dir='ltr'>aedem</span> <span class='ocrx_word' id='word_1_173' title='bbox 759 2626 998 2689; x_wconf 91' lang='lat' dir='ltr'>supernomen</span> <span class='ocrx_word' id='word_1_174' title='bbox 1016 2605 1189 2688; x_wconf 86' lang='lat' dir='ltr'>Agrippae</span> 
     </span>
    </p>

    <p class='ocr_par' dir='ltr' id='par_1_5' title="bbox 209 2709 1363 3001">
     <span class='ocr_line' id='line_1_23' title="bbox 209 2709 1361 2794; baseline -0.002 -20"><span class='ocrx_word' id='word_1_175' title='bbox 209 2711 252 2775; x_wconf 97' lang='lat' dir='ltr'>ad</span> <span class='ocrx_word' id='word_1_176' title='bbox 279 2711 420 2794; x_wconf 90' lang='lat' dir='ltr'>primam</span> <span class='ocrx_word' id='word_1_177' title='bbox 449 2709 595 2774; x_wconf 90' lang='lat' dir='ltr'>litteram</span> <span class='ocrx_word' id='word_1_178' title='bbox 623 2710 710 2774; x_wconf 89' lang='lat' dir='ltr'>sedit</span> <span class='ocrx_word' id='word_1_179' title='bbox 718 2731 726 2788; x_wconf 91' lang='lat'>;</span> <span class='ocrx_word' id='word_1_180' title='bbox 757 2731 825 2794; x_wconf 95' lang='lat' dir='ltr'>quo</span> <span class='ocrx_word' id='word_1_181' title='bbox 852 2709 1084 2773; x_wconf 87' lang='lat' dir='ltr'>animadverso</span> <span class='ocrx_word' id='word_1_182' title='bbox 1108 2718 1198 2787; x_wconf 92' lang='lat' dir='ltr'>vota,</span> <span class='ocrx_word' id='word_1_183' title='bbox 1220 2729 1306 2792; x_wconf 89' lang='lat' dir='ltr'>quae</span> <span class='ocrx_word' id='word_1_184' title='bbox 1329 2709 1361 2773; x_wconf 93' lang='lat' dir='ltr'>in</span> 
     </span>
     <span class='ocr_line' id='line_1_24' title="bbox 209 2813 1361 2898; baseline -0.002 -20"><span class='ocrx_word' id='word_1_185' title='bbox 209 2816 401 2898; x_wconf 89' lang='lat' dir='ltr'>proximum</span> <span class='ocrx_word' id='word_1_186' title='bbox 420 2815 561 2878; x_wconf 91' lang='lat' dir='ltr'>lustrum</span> <span class='ocrx_word' id='word_1_187' title='bbox 580 2815 702 2897; x_wconf 92' lang='lat' dir='ltr'>suscipi</span> <span class='ocrx_word' id='word_1_188' title='bbox 722 2835 795 2878; x_wconf 91' lang='lat' dir='ltr'>mos</span> <span class='ocrx_word' id='word_1_189' title='bbox 814 2823 873 2892; x_wconf 91' lang='lat' dir='ltr'>est,</span> <span class='ocrx_word' id='word_1_190' title='bbox 890 2813 1054 2896; x_wconf 85' lang='lat' dir='ltr'>collegam</span> <span class='ocrx_word' id='word_1_191' title='bbox 1074 2834 1171 2877; x_wconf 93' lang='lat' dir='ltr'>suum</span> <span class='ocrx_word' id='word_1_192' title='bbox 1192 2813 1361 2877; x_wconf 90' lang='lat' dir='ltr'>Tiberium</span> 
     </span>
     <span class='ocr_line' id='line_1_25' title="bbox 209 2915 1363 3001; baseline 0 -21"><span class='ocrx_word' id='word_1_193' title='bbox 209 2937 400 3001; x_wconf 90' lang='lat' dir='ltr'>nuncupare</span> <span class='ocrx_word' id='word_1_194' title='bbox 426 2917 536 2980; x_wconf 91' lang='lat' dir='ltr'>iussit:</span> <span class='ocrx_word' id='word_1_195' title='bbox 565 2936 644 2980; x_wconf 87' lang='lat' dir='ltr'>nam</span> <span class='ocrx_word' id='word_1_196' title='bbox 668 2937 712 2993; x_wconf 91' lang='lat' dir='ltr'>se,</span> <span class='ocrx_word' id='word_1_197' title='bbox 734 2937 928 2999; x_wconf 91' lang='lat' dir='ltr'>quanquam</span> <span class='ocrx_word' id='word_1_198' title='bbox 952 2915 1147 2998; x_wconf 92' lang='lat' dir='ltr'>conscriptis</span> <span class='ocrx_word' id='word_1_199' title='bbox 1171 2916 1363 2999; x_wconf 88' lang='lat' dir='ltr'>paratisque</span> 
     </span>
    </p>
   </div>
   <div class='ocr_carea' id='block_1_5' title="bbox 172 3087 1362 4590">
    <p class='ocr_par' dir='ltr' id='par_1_6' title="bbox 172 3087 1362 4590">
     <span class='ocr_line' id='line_1_26' title="bbox 208 3087 1180 3153; baseline -0.004 -14"><span class='ocrx_word' id='word_1_200' title='bbox 208 3094 233 3139; x_wconf 83' lang='grc' dir='ltr'>ἐν</span> <span class='ocrx_word' id='word_1_201' title='bbox 244 3091 344 3151; x_wconf 75' lang='grc' dir='ltr'><strong><em>νησιδίῳ</em></strong></span> <span class='ocrx_word' id='word_1_202' title='bbox 353 3091 400 3138; x_wconf 77' lang='grc' dir='ltr'>τινὶ</span> <span class='ocrx_word' id='word_1_203' title='bbox 411 3092 454 3138; x_wconf 86' lang='grc' dir='ltr'>τοῦ</span> <span class='ocrx_word' id='word_1_204' title='bbox 464 3091 574 3149; x_wconf 76' lang='grc' dir='ltr'>ποταμοῦ</span> <span class='ocrx_word' id='word_1_205' title='bbox 586 3088 707 3152; x_wconf 71' lang='grc' dir='ltr'>τοῦπαρὰ</span> <span class='ocrx_word' id='word_1_206' title='bbox 717 3092 762 3150; x_wconf 77' lang='grc' dir='ltr'>τὴν</span> <span class='ocrx_word' id='word_1_207' title='bbox 808 3104 849 3153; x_wconf 90' lang='lat' dir='ltr'>cp.</span> <span class='ocrx_word' id='word_1_208' title='bbox 860 3088 945 3137; x_wconf 86' lang='lat' dir='ltr'>saliere</span> <span class='ocrx_word' id='word_1_209' title='bbox 955 3088 1032 3152; x_wconf 89' lang='lat' dir='ltr'>Verg.</span> <span class='ocrx_word' id='word_1_210' title='bbox 1043 3087 1073 3136; x_wconf 88' lang='lat' dir='ltr'>G.</span> <span class='ocrx_word' id='word_1_211' title='bbox 1086 3103 1110 3145; x_wconf 78' lang='lat' dir='ltr'>a,</span> <span class='ocrx_word' id='word_1_212' title='bbox 1123 3090 1180 3152; x_wconf 75' lang='lat'>3⁸4·</span> 
     </span>
     <span class='ocr_line' id='line_1_27' title="bbox 208 3152 1362 3219; baseline -0.001 -15"><span class='ocrx_word' id='word_1_213' title='bbox 208 3157 327 3205; x_wconf 68' lang='grc' dir='ltr'><strong><em>Βονωνίαν</em></strong></span> <span class='ocrx_word' id='word_1_214' title='bbox 336 3157 511 3219; x_wconf 76' lang='grc' dir='ltr'><strong><em>παραρρέοντος</em></strong></span> <span class='ocrx_word' id='word_1_215' title='bbox 522 3155 573 3203; x_wconf 84' lang='grc' dir='ltr'>1)ίο</span> <span class='ocrx_word' id='word_1_216' title='bbox 585 3154 625 3217; x_wconf 80' lang='grc'>46,</span> <span class='ocrx_word' id='word_1_217' title='bbox 640 3171 680 3218; x_wconf 80' lang='grc'>54.</span> <span class='ocrx_word' id='word_1_218' title='bbox 704 3154 760 3207; x_wconf 89' lang='lat' dir='ltr'>The</span> <span class='ocrx_word' id='word_1_219' title='bbox 842 3157 949 3203; x_wconf 68' lang='lat' dir='ltr'>mnus.</span> <span class='ocrx_word' id='word_1_220' title='bbox 985 3153 1041 3202; x_wconf 87' lang='lat' dir='ltr'>The</span> <span class='ocrx_word' id='word_1_221' title='bbox 1057 3168 1125 3202; x_wconf 89' lang='lat' dir='ltr'>same</span> <span class='ocrx_word' id='word_1_222' title='bbox 1142 3161 1209 3217; x_wconf 87' lang='lat' dir='ltr'>story</span> <span class='ocrx_word' id='word_1_223' title='bbox 1221 3153 1242 3203; x_wconf 92' lang='lat' dir='ltr'>is</span> <span class='ocrx_word' id='word_1_224' title='bbox 1257 3152 1311 3202; x_wconf 90' lang='lat' dir='ltr'>told</span> <span class='ocrx_word' id='word_1_225' title='bbox 1327 3154 1362 3218; x_wconf 89' lang='lat' dir='ltr'>by</span> 
     </span>
     <span class='ocr_line' id='line_1_28' title="bbox 207 3217 1099 3284; baseline -0.004 -14"><span class='ocrx_word' id='word_1_226' title='bbox 207 3236 275 3270; x_wconf 85' lang='lat' dir='ltr'>same</span> <span class='ocrx_word' id='word_1_227' title='bbox 283 3221 332 3270; x_wconf 79' lang='lat' dir='ltr'>tale</span> <span class='ocrx_word' id='word_1_228' title='bbox 339 3220 368 3270; x_wconf 92' lang='lat' dir='ltr'>os</span> <span class='ocrx_word' id='word_1_229' title='bbox 372 3221 414 3270; x_wconf 82' lang='lat' dir='ltr'>the</span> <span class='ocrx_word' id='word_1_230' title='bbox 420 3220 578 3284; x_wconf 86' lang='lat' dir='ltr'>eagleistold</span> <span class='ocrx_word' id='word_1_231' title='bbox 586 3221 619 3283; x_wconf 90' lang='lat' dir='ltr'>by</span> <span class='ocrx_word' id='word_1_232' title='bbox 626 3220 678 3268; x_wconf 88' lang='lat' dir='ltr'>Dio</span> <span class='ocrx_word' id='word_1_233' title='bbox 685 3231 725 3282; x_wconf 71' lang='grc'>47,</span> <span class='ocrx_word' id='word_1_234' title='bbox 738 3237 758 3270; x_wconf 86' lang='lat' dir='ltr'>r.</span> <span class='ocrx_word' id='word_1_235' title='bbox 811 3218 936 3278; x_wconf 87' lang='lat' dir='ltr'>Plutarch,</span> <span class='ocrx_word' id='word_1_236' title='bbox 951 3220 1046 3267; x_wconf 79' lang='lat' dir='ltr'>Antan.</span> <span class='ocrx_word' id='word_1_237' title='bbox 1059 3217 1099 3281; x_wconf 87' lang='lat'>65.</span> 
     </span>
     <span class='ocr_line' id='line_1_29' title="bbox 240 3285 1089 3349; baseline -0.004 -14"><span class='ocrx_word' id='word_1_238' title='bbox 240 3289 316 3335; x_wconf 81' lang='lat' dir='ltr'>ouius</span> <span class='ocrx_word' id='word_1_239' title='bbox 327 3289 379 3335; x_wconf 78' lang='lat' dir='ltr'>sibl</span> <span class='ocrx_word' id='word_1_240' title='bbox 389 3290 498 3344; x_wconf 67' lang='lat' dir='ltr'>smolen-</span> <span class='ocrx_word' id='word_1_241' title='bbox 533 3286 580 3335; x_wconf 89' lang='lat' dir='ltr'>See</span> <span class='ocrx_word' id='word_1_242' title='bbox 593 3285 644 3334; x_wconf 91' lang='lat' dir='ltr'>Dio</span> <span class='ocrx_word' id='word_1_243' title='bbox 655 3296 695 3347; x_wconf 85' lang='lat'>47,</span> <span class='ocrx_word' id='word_1_244' title='bbox 710 3301 750 3349; x_wconf 87' lang='lat'>4¹·</span> <span class='ocrx_word' id='word_1_245' title='bbox 842 3286 950 3343; x_wconf 76' lang='lat' dir='ltr'>templo,</span> <span class='ocrx_word' id='word_1_246' title='bbox 962 3299 1004 3333; x_wconf 88' lang='lat' dir='ltr'>see</span> <span class='ocrx_word' id='word_1_247' title='bbox 1014 3299 1036 3333; x_wconf 90' lang='lat' dir='ltr'>c.</span> <span class='ocrx_word' id='word_1_248' title='bbox 1051 3286 1089 3333; x_wconf 91' lang='lat'>18.</span> 
     </span>
     <span class='ocr_line' id='line_1_30' title="bbox 239 3350 1360 3414; baseline -0.002 -14"><span class='ocrx_word' id='word_1_249' title='bbox 239 3350 757 3414; x_wconf 73' lang='lat' dir='ltr'>nonlitantl,dat.‘notgettingasavour</span> <span class='ocrx_word' id='word_1_250' title='bbox 842 3354 878 3399; x_wconf 74' lang='lat' dir='ltr'>at.</span> <span class='ocrx_word' id='word_1_251' title='bbox 915 3352 945 3397; x_wconf 83' lang='lat' dir='ltr'>ln</span> <span class='ocrx_word' id='word_1_252' title='bbox 961 3351 1077 3398; x_wconf 72' lang='lat' dir='ltr'>viduam</span> <span class='ocrx_word' id='word_1_253' title='bbox 1093 3351 1360 3408; x_wconf 70' lang='lat' dir='ltr'>aedom...acnppts.</span> 
     </span>
     <span class='ocr_line' id='line_1_31' title="bbox 208 3412 1158 3490; baseline -0.003 -25"><span class='ocrx_word' id='word_1_254' title='bbox 208 3417 264 3466; x_wconf 88' lang='lat' dir='ltr'>able</span> <span class='ocrx_word' id='word_1_255' title='bbox 276 3415 368 3466; x_wconf 84' lang='lat' dir='ltr'>omen&#39;</span> <span class='ocrx_word' id='word_1_256' title='bbox 402 3416 482 3473; x_wconf 79' lang='lat' dir='ltr'>litare,</span> <span class='ocrx_word' id='word_1_257' title='bbox 495 3424 521 3464; x_wconf 91' lang='lat' dir='ltr'>to</span> <span class='ocrx_word' id='word_1_258' title='bbox 532 3424 573 3480; x_wconf 89' lang='lat' dir='ltr'>get</span> <span class='ocrx_word' id='word_1_259' title='bbox 586 3431 601 3464; x_wconf 90' lang='lat' dir='ltr'>a</span> <span class='ocrx_word' id='word_1_260' title='bbox 612 3415 757 3466; x_wconf 84' lang='lat' dir='ltr'>favourable</span> <span class='ocrx_word' id='word_1_261' title='bbox 809 3415 865 3463; x_wconf 89' lang='lat' dir='ltr'>The</span> <span class='ocrx_word' id='word_1_262' title='bbox 877 3415 1015 3470; x_wconf 87' lang='lat' dir='ltr'>Pantheon,</span> <span class='ocrx_word' id='word_1_263' title='bbox 1027 3430 1067 3463; x_wconf 85' lang='lat' dir='ltr'>see</span> <span class='ocrx_word' id='word_1_264' title='bbox 1079 3430 1104 3490; x_wconf 89' lang='lat' dir='ltr'>p.</span> <span class='ocrx_word' id='word_1_265' title='bbox 1118 3412 1158 3474; x_wconf 83' lang='lat'>65.</span> 
     </span>
     <span class='ocr_line' id='line_1_32' title="bbox 207 3479 1359 3545; baseline -0.002 -15"><span class='ocrx_word' id='word_1_266' title='bbox 207 3497 282 3530; x_wconf 90' lang='lat' dir='ltr'>omen</span> <span class='ocrx_word' id='word_1_267' title='bbox 295 3482 357 3530; x_wconf 84' lang='lat' dir='ltr'>lrom</span> <span class='ocrx_word' id='word_1_268' title='bbox 369 3497 384 3530; x_wconf 90' lang='lat' dir='ltr'>a</span> <span class='ocrx_word' id='word_1_269' title='bbox 395 3481 514 3536; x_wconf 85' lang='lat' dir='ltr'>sacrifice,</span> <span class='ocrx_word' id='word_1_270' title='bbox 525 3482 545 3529; x_wconf 91' lang='lat' dir='ltr'>is</span> <span class='ocrx_word' id='word_1_271' title='bbox 556 3481 616 3530; x_wconf 89' lang='lat' dir='ltr'>used</span> <span class='ocrx_word' id='word_1_272' title='bbox 630 3479 664 3545; x_wconf 82' lang='lat' dir='ltr'>(a)</span> <span class='ocrx_word' id='word_1_273' title='bbox 677 3480 706 3529; x_wconf 87' lang='lat' dir='ltr'>of</span> <span class='ocrx_word' id='word_1_274' title='bbox 714 3481 757 3531; x_wconf 91' lang='lat' dir='ltr'>the</span> <span class='ocrx_word' id='word_1_275' title='bbox 841 3484 978 3538; x_wconf 70' lang='lat' dir='ltr'>collegam,</span> <span class='ocrx_word' id='word_1_276' title='bbox 1003 3479 1057 3528; x_wconf 86' lang='lat' dir='ltr'>that</span> <span class='ocrx_word' id='word_1_277' title='bbox 1080 3495 1101 3528; x_wconf 84' lang='lat' dir='ltr'>rs</span> <span class='ocrx_word' id='word_1_278' title='bbox 1124 3480 1150 3528; x_wconf 92' lang='lat' dir='ltr'>in</span> <span class='ocrx_word' id='word_1_279' title='bbox 1172 3479 1215 3529; x_wconf 87' lang='lat' dir='ltr'>the</span> <span class='ocrx_word' id='word_1_280' title='bbox 1237 3479 1359 3529; x_wconf 87' lang='lat' dir='ltr'>censorial</span> 
     </span>
     <span class='ocr_line' id='line_1_33' title="bbox 207 3544 1358 3610; baseline -0.002 -14"><span class='ocrx_word' id='word_1_281' title='bbox 207 3546 337 3604; x_wconf 57' lang='lat' dir='ltr'>sacrificem</span> <span class='ocrx_word' id='word_1_282' title='bbox 350 3547 430 3596; x_wconf 85' lang='lat' dir='ltr'>Plaut.</span> <span class='ocrx_word' id='word_1_283' title='bbox 446 3547 519 3596; x_wconf 85' lang='lat' dir='ltr'>Poen.</span> <span class='ocrx_word' id='word_1_284' title='bbox 535 3563 558 3595; x_wconf 73' lang='grc' dir='ltr'>ν.</span> <span class='ocrx_word' id='word_1_285' title='bbox 574 3562 603 3609; x_wconf 84' lang='lat'>4¹</span> <span class='ocrx_word' id='word_1_286' title='bbox 622 3553 652 3594; x_wconf 84' lang='lat' dir='ltr'>ut</span> <span class='ocrx_word' id='word_1_287' title='bbox 665 3554 759 3610; x_wconf 85' lang='lat' dir='ltr'>semper</span> <span class='ocrx_word' id='word_1_288' title='bbox 808 3545 879 3594; x_wconf 87' lang='lat' dir='ltr'>office</span> <span class='ocrx_word' id='word_1_289' title='bbox 899 3546 936 3595; x_wconf 85' lang='lat' dir='ltr'>lor</span> <span class='ocrx_word' id='word_1_290' title='bbox 955 3544 1061 3608; x_wconf 89' lang='lat' dir='ltr'>holding</span> <span class='ocrx_word' id='word_1_291' title='bbox 1083 3545 1126 3594; x_wconf 88' lang='lat' dir='ltr'>the</span> <span class='ocrx_word' id='word_1_292' title='bbox 1147 3559 1236 3594; x_wconf 87' lang='lat' dir='ltr'>census</span> <span class='ocrx_word' id='word_1_293' title='bbox 1255 3544 1358 3609; x_wconf 86' lang='lat' dir='ltr'>(though</span> 
     </span>
     <span class='ocr_line' id='line_1_34' title="bbox 207 3609 1358 3676; baseline -0.001 -16"><span class='ocrx_word' id='word_1_294' title='bbox 207 3611 338 3672; x_wconf 73' lang='lat' dir='ltr'>sacrificem</span> <span class='ocrx_word' id='word_1_295' title='bbox 355 3628 397 3661; x_wconf 87' lang='lat' dir='ltr'>nec</span> <span class='ocrx_word' id='word_1_296' title='bbox 412 3625 531 3676; x_wconf 86' lang='lat' dir='ltr'>umquam</span> <span class='ocrx_word' id='word_1_297' title='bbox 544 3613 623 3671; x_wconf 80' lang='lat' dir='ltr'>litem,</span> <span class='ocrx_word' id='word_1_298' title='bbox 636 3627 676 3675; x_wconf 92' lang='lat' dir='ltr'>cp.</span> <span class='ocrx_word' id='word_1_299' title='bbox 695 3612 757 3660; x_wconf 85' lang='lat' dir='ltr'>Otho</span> <span class='ocrx_word' id='word_1_300' title='bbox 808 3619 852 3659; x_wconf 90' lang='lat' dir='ltr'>not</span> <span class='ocrx_word' id='word_1_301' title='bbox 863 3626 891 3659; x_wconf 89' lang='lat' dir='ltr'>as</span> <span class='ocrx_word' id='word_1_302' title='bbox 902 3625 1001 3660; x_wconf 90' lang='lat' dir='ltr'>censors</span> <span class='ocrx_word' id='word_1_303' title='bbox 1016 3611 1060 3659; x_wconf 91' lang='lat' dir='ltr'>but</span> <span class='ocrx_word' id='word_1_304' title='bbox 1078 3609 1138 3659; x_wconf 85' lang='lat' dir='ltr'>with</span> <span class='ocrx_word' id='word_1_305' title='bbox 1155 3610 1259 3674; x_wconf 74' lang='lat' dir='ltr'>imperio</span> <span class='ocrx_word' id='word_1_306' title='bbox 1274 3626 1358 3659; x_wconf 84' lang='lat' dir='ltr'>consu·</span> 
     </span>
     <span class='ocr_line' id='line_1_35' title="bbox 208 3675 1362 3740; baseline -0.003 -13"><span class='ocrx_word' id='word_1_307' title='bbox 208 3677 344 3727; x_wconf 75' lang='lat' dir='ltr'>evictima</span> <span class='ocrx_word' id='word_1_308' title='bbox 358 3678 417 3726; x_wconf 82' lang='lat' dir='ltr'>Diti</span> <span class='ocrx_word' id='word_1_309' title='bbox 426 3678 499 3740; x_wconf 75' lang='lat' dir='ltr'>patei</span> <span class='ocrx_word' id='word_1_310' title='bbox 514 3693 581 3726; x_wconf 88' lang='lat' dir='ltr'>caesa</span> <span class='ocrx_word' id='word_1_311' title='bbox 591 3677 687 3733; x_wconf 82' lang='lat' dir='ltr'>litavit,</span> <span class='ocrx_word' id='word_1_312' title='bbox 698 3693 755 3726; x_wconf 85' lang='lat' dir='ltr'>cum</span> <span class='ocrx_word' id='word_1_313' title='bbox 807 3675 878 3738; x_wconf 66' lang='lat' dir='ltr'>lani.</span> <span class='ocrx_word' id='word_1_314' title='bbox 913 3676 951 3723; x_wconf 92' lang='lat' dir='ltr'>M.</span> <span class='ocrx_word' id='word_1_315' title='bbox 972 3675 1005 3724; x_wconf 89' lang='lat' dir='ltr'>A.</span> <span class='ocrx_word' id='word_1_316' title='bbox 1027 3691 1048 3724; x_wconf 90' lang='lat' dir='ltr'>c.</span> <span class='ocrx_word' id='word_1_317' title='bbox 1072 3675 1209 3726; x_wconf 83' lang='lat' dir='ltr'>8tertium</span> <span class='ocrx_word' id='word_1_318' title='bbox 1231 3676 1362 3725; x_wconf 66' lang='lat' dir='ltr'>consulari</span> 
     </span>
     <span class='ocr_line' id='line_1_36' title="bbox 207 3741 1361 3807; baseline -0.001 -16"><span class='ocrx_word' id='word_1_319' title='bbox 207 3743 257 3791; x_wconf 83' lang='lat' dir='ltr'>tali</span> <span class='ocrx_word' id='word_1_320' title='bbox 262 3743 514 3807; x_wconf 80' lang='lat' dir='ltr'>sumficiocontraeia</span> <span class='ocrx_word' id='word_1_321' title='bbox 523 3742 753 3806; x_wconf 78' lang='lat' dir='ltr'>extapotierasunt,</span> <span class='ocrx_word' id='word_1_322' title='bbox 806 3757 862 3790; x_wconf 86' lang='lat' dir='ltr'>cum</span> <span class='ocrx_word' id='word_1_323' title='bbox 885 3741 986 3803; x_wconf 63' lang='lat' dir='ltr'>impeto</span> <span class='ocrx_word' id='word_1_324' title='bbox 1008 3741 1105 3804; x_wconf 82' lang='lat' dir='ltr'>conlega</span> <span class='ocrx_word' id='word_1_325' title='bbox 1138 3741 1232 3791; x_wconf 67' lang='grc' dir='ltr'>Τέννην</span> <span class='ocrx_word' id='word_1_326' title='bbox 1257 3741 1361 3790; x_wconf 78' lang='lat' dir='ltr'>Caesare</span> 
     </span>
     <span class='ocr_line' id='line_1_37' title="bbox 208 3804 1178 3872; baseline -0.002 -16"><span class='ocrx_word' id='word_1_327' title='bbox 208 3805 243 3872; x_wconf 77' lang='lat' dir='ltr'>(a)</span> <span class='ocrx_word' id='word_1_328' title='bbox 256 3807 284 3856; x_wconf 88' lang='lat' dir='ltr'>ol</span> <span class='ocrx_word' id='word_1_329' title='bbox 294 3807 339 3856; x_wconf 88' lang='lat' dir='ltr'>the</span> <span class='ocrx_word' id='word_1_330' title='bbox 350 3808 435 3857; x_wconf 90' lang='lat' dir='ltr'>victim</span> <span class='ocrx_word' id='word_1_331' title='bbox 447 3807 520 3866; x_wconf 90' lang='lat' dir='ltr'>itself‚</span> <span class='ocrx_word' id='word_1_332' title='bbox 535 3808 610 3856; x_wconf 86' lang='lat' dir='ltr'>Mart.</span> <span class='ocrx_word' id='word_1_333' title='bbox 626 3824 664 3867; x_wconf 88' lang='lat'>10,</span> <span class='ocrx_word' id='word_1_334' title='bbox 679 3820 717 3871; x_wconf 73' lang='lat'>73,</span> <span class='ocrx_word' id='word_1_335' title='bbox 730 3807 754 3858; x_wconf 88' lang='lat'>6.</span> <span class='ocrx_word' id='word_1_336' title='bbox 799 3804 1000 3870; x_wconf 74' lang='lat' dir='ltr'>filiola.n.14).</span> <span class='ocrx_word' id='word_1_337' title='bbox 1037 3805 1086 3855; x_wconf 90' lang='lat' dir='ltr'>See</span> <span class='ocrx_word' id='word_1_338' title='bbox 1098 3822 1122 3870; x_wconf 94' lang='lat' dir='ltr'>p.</span> <span class='ocrx_word' id='word_1_339' title='bbox 1139 3805 1178 3856; x_wconf 84' lang='lat'>60.</span> 
     </span>
     <span class='ocr_line' id='line_1_38' title="bbox 207 3872 1357 3936; baseline 0 -16"><span class='ocrx_word' id='word_1_340' title='bbox 207 3873 239 3921; x_wconf 90' lang='lat' dir='ltr'>In</span> <span class='ocrx_word' id='word_1_341' title='bbox 251 3872 334 3922; x_wconf 88' lang='lat' dir='ltr'>Greek</span> <span class='ocrx_word' id='word_1_342' title='bbox 351 3873 394 3922; x_wconf 88' lang='lat' dir='ltr'>the</span> <span class='ocrx_word' id='word_1_343' title='bbox 409 3872 553 3922; x_wconf 89' lang='lat' dir='ltr'>distinction</span> <span class='ocrx_word' id='word_1_344' title='bbox 567 3873 589 3922; x_wconf 92' lang='lat' dir='ltr'>is</span> <span class='ocrx_word' id='word_1_345' title='bbox 605 3872 708 3921; x_wconf 88' lang='lat' dir='ltr'>marked</span> <span class='ocrx_word' id='word_1_346' title='bbox 721 3873 755 3936; x_wconf 93' lang='lat' dir='ltr'>by</span> <span class='ocrx_word' id='word_1_347' title='bbox 838 3874 1271 3930; x_wconf 72' lang='lat' dir='ltr'>vota...nuneupure...r01utum.</span> <span class='ocrx_word' id='word_1_348' title='bbox 1308 3872 1357 3936; x_wconf 88' lang='lat' dir='ltr'>Cp.</span> 
     </span>
     <span class='ocr_line' id='line_1_39' title="bbox 206 3937 1358 4002; baseline -0.001 -14"><span class='ocrx_word' id='word_1_349' title='bbox 206 3939 249 3987; x_wconf 87' lang='lat' dir='ltr'>the</span> <span class='ocrx_word' id='word_1_350' title='bbox 255 3938 336 3988; x_wconf 79' lang='lat' dir='ltr'>active</span> <span class='ocrx_word' id='word_1_351' title='bbox 343 3939 393 3987; x_wconf 92' lang='lat' dir='ltr'>and</span> <span class='ocrx_word' id='word_1_352' title='bbox 400 3938 494 3987; x_wconf 85' lang='lat' dir='ltr'>middle</span> <span class='ocrx_word' id='word_1_353' title='bbox 502 3939 597 3988; x_wconf 83' lang='lat' dir='ltr'>voices:</span> <span class='ocrx_word' id='word_1_354' title='bbox 606 3938 649 3987; x_wconf 84' lang='lat' dir='ltr'>the</span> <span class='ocrx_word' id='word_1_355' title='bbox 656 3937 755 3988; x_wconf 90' lang='lat' dir='ltr'>victims</span> <span class='ocrx_word' id='word_1_356' title='bbox 806 3937 863 3985; x_wconf 87' lang='lat' dir='ltr'>Val.</span> <span class='ocrx_word' id='word_1_357' title='bbox 877 3938 947 3986; x_wconf 85' lang='lat' dir='ltr'>Max.</span> <span class='ocrx_word' id='word_1_358' title='bbox 963 3953 983 3996; x_wconf 92' lang='lat'>1,</span> <span class='ocrx_word' id='word_1_359' title='bbox 1000 3937 1096 3996; x_wconf 80' lang='lat' dir='ltr'>1Ext.,</span> <span class='ocrx_word' id='word_1_360' title='bbox 1111 3938 1126 3986; x_wconf 89' lang='lat'>8</span> <span class='ocrx_word' id='word_1_361' title='bbox 1139 3938 1228 3986; x_wconf 85' lang='lat' dir='ltr'>solvere</span> <span class='ocrx_word' id='word_1_362' title='bbox 1241 3944 1297 3986; x_wconf 84' lang='lat' dir='ltr'>vota</span> <span class='ocrx_word' id='word_1_363' title='bbox 1309 3943 1358 4002; x_wconf 74' lang='lat' dir='ltr'>pro</span> 
     </span>
     <span class='ocr_line' id='line_1_40' title="bbox 206 4001 1357 4066; baseline -0.002 -14"><span class='ocrx_word' id='word_1_364' title='bbox 206 4018 249 4052; x_wconf 87' lang='lat' dir='ltr'>are</span> <span class='ocrx_word' id='word_1_365' title='bbox 260 4004 314 4052; x_wconf 87' lang='lat' dir='ltr'>said</span> <span class='ocrx_word' id='word_1_366' title='bbox 325 4005 472 4064; x_wconf 82' lang='grc' dir='ltr'>καλλιερέειν</span> <span class='ocrx_word' id='word_1_367' title='bbox 488 4004 596 4064; x_wconf 85' lang='lat' dir='ltr'>[Herod.</span> <span class='ocrx_word' id='word_1_368' title='bbox 609 4001 632 4064; x_wconf 89' lang='lat'>6,</span> <span class='ocrx_word' id='word_1_369' title='bbox 649 4002 699 4066; x_wconf 81' lang='lat'><strong>761.</strong></span> <span class='ocrx_word' id='word_1_370' title='bbox 711 4004 754 4053; x_wconf 90' lang='lat' dir='ltr'>the</span> <span class='ocrx_word' id='word_1_371' title='bbox 806 4002 974 4051; x_wconf 71' lang='lat' dir='ltr'>incolumeiate</span> <span class='ocrx_word' id='word_1_372' title='bbox 982 4003 1101 4050; x_wconf 81' lang='lat' dir='ltr'>exercitus</span> <span class='ocrx_word' id='word_1_373' title='bbox 1108 4002 1138 4050; x_wconf 86' lang='lat' dir='ltr'>ab</span> <span class='ocrx_word' id='word_1_374' title='bbox 1146 4004 1196 4066; x_wconf 61' lang='lat' dir='ltr'>apso</span> <span class='ocrx_word' id='word_1_375' title='bbox 1202 4009 1357 4066; x_wconf 66' lang='lat' dir='ltr'>nuncupata.</span> 
     </span>
     <span class='ocr_line' id='line_1_41' title="bbox 206 4066 1356 4132; baseline -0.001 -14"><span class='ocrx_word' id='word_1_376' title='bbox 206 4068 330 4118; x_wconf 87' lang='lat' dir='ltr'>sacrificer</span> <span class='ocrx_word' id='word_1_377' title='bbox 341 4069 523 4131; x_wconf 72' lang='grc' dir='ltr'>καλλιερέεσθαι</span> <span class='ocrx_word' id='word_1_378' title='bbox 533 4068 564 4116; x_wconf 85' lang='lat' dir='ltr'>ib.</span> <span class='ocrx_word' id='word_1_379' title='bbox 578 4070 618 4117; x_wconf 76' lang='lat'>82.</span> <span class='ocrx_word' id='word_1_380' title='bbox 805 4067 858 4118; x_wconf 89' lang='lat' dir='ltr'>Cic.</span> <span class='ocrx_word' id='word_1_381' title='bbox 873 4083 886 4130; x_wconf 77' lang='lat'>3</span> <span class='ocrx_word' id='word_1_382' title='bbox 898 4067 968 4116; x_wconf 79' lang='lat' dir='ltr'>Phil.</span> <span class='ocrx_word' id='word_1_383' title='bbox 981 4069 995 4127; x_wconf 64' lang='grc' dir='ltr'><strong>ἕ</strong></span> <span class='ocrx_word' id='word_1_384' title='bbox 1010 4083 1036 4118; x_wconf 89' lang='lat'>11</span> <span class='ocrx_word' id='word_1_385' title='bbox 1054 4069 1166 4132; x_wconf 80' lang='lat' dir='ltr'>neglectis</span> <span class='ocrx_word' id='word_1_386' title='bbox 1179 4066 1307 4131; x_wconf 68' lang='lat' dir='ltr'>sacrefictis</span> <span class='ocrx_word' id='word_1_387' title='bbox 1321 4082 1356 4117; x_wconf 88' lang='lat' dir='ltr'>so·</span> 
     </span>
     <span class='ocr_line' id='line_1_42' title="bbox 172 4133 1355 4192; baseline -0.002 -10"><span class='ocrx_word' id='word_1_388' title='bbox 172 4157 189 4170; x_wconf 54' lang='grc' dir='ltr'><em>ι</em></span> <span class='ocrx_word' id='word_1_389' title='bbox 237 4137 327 4183; x_wconf 70' lang='lat' dir='ltr'>subita</span> <span class='ocrx_word' id='word_1_390' title='bbox 346 4137 494 4192; x_wconf 72' lang='lat' dir='ltr'>eruptione.</span> <span class='ocrx_word' id='word_1_391' title='bbox 528 4135 579 4183; x_wconf 79' lang='lat' dir='ltr'>Por</span> <span class='ocrx_word' id='word_1_392' title='bbox 600 4134 642 4183; x_wconf 90' lang='lat' dir='ltr'>the</span> <span class='ocrx_word' id='word_1_393' title='bbox 661 4133 710 4181; x_wconf 88' lang='lat' dir='ltr'>dan</span> <span class='ocrx_word' id='word_1_394' title='bbox 744 4150 755 4183; x_wconf 89' lang='lat' dir='ltr'>r</span> <span class='ocrx_word' id='word_1_395' title='bbox 804 4133 927 4182; x_wconf 81' lang='lat' dir='ltr'>lemnibus</span> <span class='ocrx_word' id='word_1_396' title='bbox 936 4139 994 4181; x_wconf 85' lang='lat' dir='ltr'>ante</span> <span class='ocrx_word' id='word_1_397' title='bbox 1009 4134 1086 4181; x_wconf 86' lang='lat' dir='ltr'>lucem</span> <span class='ocrx_word' id='word_1_398' title='bbox 1100 4140 1157 4182; x_wconf 84' lang='lat' dir='ltr'>vota</span> <span class='ocrx_word' id='word_1_399' title='bbox 1170 4149 1198 4181; x_wconf 90' lang='lat' dir='ltr'>ea</span> <span class='ocrx_word' id='word_1_400' title='bbox 1226 4148 1355 4181; x_wconf 78' lang='lat' dir='ltr'>uacuum·</span> 
     </span>
     <span class='ocr_line' id='line_1_43' title="bbox 206 4149 1356 4263; baseline -0.002 -15"><span class='ocrx_word' id='word_1_401' title='bbox 206 4199 235 4248; x_wconf 85' lang='lat' dir='ltr'>oi</span> <span class='ocrx_word' id='word_1_402' title='bbox 243 4200 373 4263; x_wconf 90' lang='lat' dir='ltr'>Augustus</span> <span class='ocrx_word' id='word_1_403' title='bbox 384 4207 410 4248; x_wconf 85' lang='lat' dir='ltr'>at</span> <span class='ocrx_word' id='word_1_404' title='bbox 421 4199 522 4248; x_wconf 87' lang='lat' dir='ltr'>Perusia</span> <span class='ocrx_word' id='word_1_405' title='bbox 533 4214 574 4249; x_wconf 88' lang='lat' dir='ltr'>see</span> <span class='ocrx_word' id='word_1_406' title='bbox 584 4214 607 4248; x_wconf 92' lang='lat' dir='ltr'>c.</span> <span class='ocrx_word' id='word_1_407' title='bbox 622 4200 698 4262; x_wconf 86' lang='lat' dir='ltr'>14ad</span> <span class='ocrx_word' id='word_1_408' title='bbox 726 4215 752 4246; x_wconf 89' lang='lat' dir='ltr'>n.</span> <span class='ocrx_word' id='word_1_409' title='bbox 803 4213 879 4262; x_wconf 85' lang='lat' dir='ltr'>quam</span> <span class='ocrx_word' id='word_1_410' title='bbox 892 4197 992 4247; x_wconf 85' lang='lat' dir='ltr'>solveret</span> <span class='ocrx_word' id='word_1_411' title='bbox 1007 4199 1171 4262; x_wconf 82' lang='lat' dir='ltr'>nuncupavit.</span> <span class='ocrx_word' id='word_1_412' title='bbox 1204 4149 1268 4260; x_wconf 60' lang='lat' dir='ltr'>bivy</span> <span class='ocrx_word' id='word_1_413' title='bbox 1284 4212 1356 4263; x_wconf 81' lang='lat'><strong>31‚9</strong></span> 
     </span>
     <span class='ocr_line' id='line_1_44' title="bbox 237 4263 1358 4328; baseline -0.001 -15"><span class='ocrx_word' id='word_1_414' title='bbox 237 4267 421 4324; x_wconf 64' lang='lat' dir='ltr'>pristimum</span> <span class='ocrx_word' id='word_1_415' title='bbox 460 4265 510 4312; x_wconf 92' lang='lat' dir='ltr'>Dio</span> <span class='ocrx_word' id='word_1_416' title='bbox 526 4281 541 4324; x_wconf 83' lang='lat'>4</span> <span class='ocrx_word' id='word_1_417' title='bbox 559 4301 565 4324; x_wconf 95' lang='lat'>,</span> <span class='ocrx_word' id='word_1_418' title='bbox 585 4278 607 4327; x_wconf 89' lang='lat'>5,</span> <span class='ocrx_word' id='word_1_419' title='bbox 625 4263 682 4314; x_wconf 89' lang='lat' dir='ltr'>who</span> <span class='ocrx_word' id='word_1_420' title='bbox 698 4279 754 4328; x_wconf 87' lang='lat' dir='ltr'>says</span> <span class='ocrx_word' id='word_1_421' title='bbox 803 4264 872 4312; x_wconf 82' lang='lat' dir='ltr'>vovit</span> <span class='ocrx_word' id='word_1_422' title='bbox 888 4264 917 4311; x_wconf 81' lang='lat' dir='ltr'>in</span> <span class='ocrx_word' id='word_1_423' title='bbox 933 4263 1013 4312; x_wconf 84' lang='lat' dir='ltr'>eadem</span> <span class='ocrx_word' id='word_1_424' title='bbox 1028 4263 1101 4312; x_wconf 83' lang='lat' dir='ltr'>verba</span> <span class='ocrx_word' id='word_1_425' title='bbox 1118 4263 1212 4313; x_wconf 82' lang='lat' dir='ltr'>Consul</span> <span class='ocrx_word' id='word_1_426' title='bbox 1221 4270 1358 4326; x_wconf 82' lang='lat' dir='ltr'>praeeunte</span> 
     </span>
     <span class='ocr_line' id='line_1_45' title="bbox 205 4327 1354 4392; baseline -0.002 -14"><span class='ocrx_word' id='word_1_427' title='bbox 205 4329 259 4379; x_wconf 80' lang='lat' dir='ltr'>that</span> <span class='ocrx_word' id='word_1_428' title='bbox 276 4330 296 4379; x_wconf 92' lang='lat' dir='ltr'>it</span> <span class='ocrx_word' id='word_1_429' title='bbox 314 4330 432 4379; x_wconf 87' lang='lat' dir='ltr'>occurred</span> <span class='ocrx_word' id='word_1_430' title='bbox 450 4329 512 4378; x_wconf 84' lang='lat' dir='ltr'>alter</span> <span class='ocrx_word' id='word_1_431' title='bbox 560 4346 573 4379; x_wconf 90' lang='lat' dir='ltr'>e</span> <span class='ocrx_word' id='word_1_432' title='bbox 592 4329 674 4378; x_wconf 85' lang='lat' dir='ltr'>defeat</span> <span class='ocrx_word' id='word_1_433' title='bbox 694 4344 753 4378; x_wconf 86' lang='lat' dir='ltr'>near</span> <span class='ocrx_word' id='word_1_434' title='bbox 804 4329 915 4377; x_wconf 84' lang='lat' dir='ltr'>maxinro</span> <span class='ocrx_word' id='word_1_435' title='bbox 918 4327 1209 4392; x_wconf 67' lang='lat' dir='ltr'>ponteficequibusantea</span> <span class='ocrx_word' id='word_1_436' title='bbox 1217 4329 1354 4392; x_wconf 81' lang='lat' dir='ltr'>quinquen·</span> 
     </span>
     <span class='ocr_line' id='line_1_46' title="bbox 207 4393 1354 4460; baseline -0.001 -17"><span class='ocrx_word' id='word_1_437' title='bbox 207 4395 331 4454; x_wconf 89' lang='lat' dir='ltr'>Messene,</span> <span class='ocrx_word' id='word_1_438' title='bbox 344 4411 385 4459; x_wconf 89' lang='lat' dir='ltr'>cp.</span> <span class='ocrx_word' id='word_1_439' title='bbox 398 4393 471 4458; x_wconf 88' lang='lat' dir='ltr'>Pliny</span> <span class='ocrx_word' id='word_1_440' title='bbox 481 4397 518 4443; x_wconf 92' lang='grc' dir='ltr'>Ν.</span> <span class='ocrx_word' id='word_1_441' title='bbox 530 4395 567 4444; x_wconf 84' lang='lat' dir='ltr'>H.</span> <span class='ocrx_word' id='word_1_442' title='bbox 579 4410 595 4460; x_wconf 91' lang='lat'>9</span> <span class='ocrx_word' id='word_1_443' title='bbox 606 4396 618 4454; x_wconf 69' lang='lat'>5</span> <span class='ocrx_word' id='word_1_444' title='bbox 630 4407 668 4458; x_wconf 80' lang='lat'>55.</span> <span class='ocrx_word' id='word_1_445' title='bbox 803 4395 875 4443; x_wconf 76' lang='lat' dir='ltr'>realia</span> <span class='ocrx_word' id='word_1_446' title='bbox 885 4401 942 4443; x_wconf 87' lang='lat' dir='ltr'>vota</span> <span class='ocrx_word' id='word_1_447' title='bbox 952 4394 1045 4458; x_wconf 64' lang='lat' dir='ltr'>suscepi</span> <span class='ocrx_word' id='word_1_448' title='bbox 1057 4395 1128 4443; x_wconf 82' lang='lat' dir='ltr'>solita</span> <span class='ocrx_word' id='word_1_449' title='bbox 1143 4399 1222 4443; x_wconf 84' lang='lat' dir='ltr'>erant.</span> <span class='ocrx_word' id='word_1_450' title='bbox 1255 4405 1354 4442; x_wconf 75' lang='lat' dir='ltr'>nuncu-</span> 
     </span>
     <span class='ocr_line' id='line_1_47' title="bbox 238 4457 1355 4523; baseline -0.001 -14"><span class='ocrx_word' id='word_1_451' title='bbox 238 4462 342 4510; x_wconf 78' lang='lat' dir='ltr'>exfflvtt</span> <span class='ocrx_word' id='word_1_452' title='bbox 361 4460 400 4509; x_wconf 86' lang='lat' dir='ltr'>lor</span> <span class='ocrx_word' id='word_1_453' title='bbox 414 4460 546 4516; x_wconf 66' lang='lat' dir='ltr'>exuuiae</span> <span class='ocrx_word' id='word_1_454' title='bbox 568 4475 711 4510; x_wconf 87' lang='lat' dir='ltr'>recurrence</span> <span class='ocrx_word' id='word_1_455' title='bbox 733 4458 753 4508; x_wconf 87' lang='lat' dir='ltr'>it</span> <span class='ocrx_word' id='word_1_456' title='bbox 803 4471 868 4518; x_wconf 75' lang='lat' dir='ltr'>pm</span> <span class='ocrx_word' id='word_1_457' title='bbox 890 4459 988 4520; x_wconf 79' lang='lat' dir='ltr'>(nomm</span> <span class='ocrx_word' id='word_1_458' title='bbox 1009 4460 1099 4523; x_wconf 79' lang='lat' dir='ltr'>capere)</span> <span class='ocrx_word' id='word_1_459' title='bbox 1120 4458 1142 4508; x_wconf 93' lang='lat' dir='ltr'>is</span> <span class='ocrx_word' id='word_1_460' title='bbox 1164 4464 1203 4508; x_wconf 88' lang='lat' dir='ltr'>‘to</span> <span class='ocrx_word' id='word_1_461' title='bbox 1228 4464 1274 4522; x_wconf 91' lang='lat' dir='ltr'>put</span> <span class='ocrx_word' id='word_1_462' title='bbox 1301 4457 1355 4508; x_wconf 93' lang='lat' dir='ltr'>into</span> 
     </span>
     <span class='ocr_line' id='line_1_48' title="bbox 206 4522 1304 4590; baseline -0.004 -14"><span class='ocrx_word' id='word_1_463' title='bbox 206 4540 285 4576; x_wconf 86' lang='lat' dir='ltr'>seems</span> <span class='ocrx_word' id='word_1_464' title='bbox 293 4533 320 4575; x_wconf 94' lang='lat' dir='ltr'>to</span> <span class='ocrx_word' id='word_1_465' title='bbox 329 4541 362 4575; x_wconf 87' lang='lat' dir='ltr'>an</span> <span class='ocrx_word' id='word_1_466' title='bbox 371 4526 470 4575; x_wconf 86' lang='lat' dir='ltr'>ancient</span> <span class='ocrx_word' id='word_1_467' title='bbox 479 4525 550 4574; x_wconf 83' lang='lat' dir='ltr'>sorm.</span> <span class='ocrx_word' id='word_1_468' title='bbox 571 4526 632 4574; x_wconf 84' lang='lat' dir='ltr'>Fest.</span> <span class='ocrx_word' id='word_1_469' title='bbox 643 4525 691 4576; x_wconf 79' lang='lat'>206</span> <span class='ocrx_word' id='word_1_470' title='bbox 701 4525 752 4581; x_wconf 52' lang='lat' dir='ltr'>Me</span> <span class='ocrx_word' id='word_1_471' title='bbox 804 4541 903 4590; x_wconf 86' lang='lat' dir='ltr'>express</span> <span class='ocrx_word' id='word_1_472' title='bbox 914 4524 1015 4584; x_wconf 86' lang='lat' dir='ltr'>words,’</span> <span class='ocrx_word' id='word_1_473' title='bbox 1030 4526 1068 4573; x_wconf 81' lang='lat' dir='ltr'>‘to</span> <span class='ocrx_word' id='word_1_474' title='bbox 1079 4524 1201 4588; x_wconf 87' lang='lat' dir='ltr'>solemnly</span> <span class='ocrx_word' id='word_1_475' title='bbox 1212 4522 1304 4572; x_wconf 68' lang='lat' dir='ltr'>name.⁸</span> 
     </span>
    </p>
   </div>
   <div class='ocr_carea' id='block_1_6' title="bbox 0 0 1640 5134">
    <p class='ocr_par' dir='ltr' id='par_1_7' title="bbox 0 0 1640 5134">
     <span class='ocr_line' id='line_1_49' title="bbox 0 0 1640 5134; baseline 0 3"><span class='ocrx_word' id='word_1_476' title='bbox 0 0 1640 5134; x_wconf 95' lang='lat' dir='ltr'> </span> 
     </span>
    </p>
   </div>
  </div>
 </body>
</html>
