3270 5134
738 398 963 463 smmm

262 398 323 478 156
1317 400 1417 485 [88-

205 567 376 634 88subicit
409 567 700 650 circumducitque.
753 566 1047 649 orthographiam,
1078 567 1110 631 id
1149 577 1199 632 est
1236 567 1415 631 formulam
1465 539 1478 558 ⁶

257 673 486 754 rationemque
512 672 678 735 scribendi
705 693 725 735 a
751 671 978 754 grammaticis
1009 671 1208 748 institutam,
1232 693 1299 735 non
1330 674 1416 736 adeo

256 777 402 842 custodit
439 796 479 840 ac
516 776 647 842 videtur
683 797 797 841 eorum
836 777 948 859 potius
986 777 1079 859 sequi
1117 777 1319 860 opinionem,
1357 779 1414 860 qui

257 881 396 964 perinde
426 881 638 944 scribendum
669 902 708 945 ac
739 881 915 965 loquamur
945 880 1148 945 existiment.
1205 881 1292 944 Nam
1323 883 1413 964 quod

432 1005 532 1067 saepe
555 1005 621 1047 non
646 985 773 1048 litteras
795 984 896 1048 modo
918 986 975 1048 sed
997 984 1145 1066 syllabas
1166 994 1224 1048 aut
1245 996 1440 1067 permutats

430 1096 488 1150 aut
514 1087 681 1169 praeterit,
705 1087 892 1150 communis
920 1086 1093 1150 hominum
1122 1108 1211 1150 error
1236 1098 1295 1152 est.
1342 1089 1413 1151 Nec

257 1210 321 1273 ego
352 1190 386 1254 id
417 1199 577 1265 notarem,
604 1190 666 1252 nisi
695 1189 775 1252 mihi
807 1189 927 1252 mirum
958 1190 1126 1253 videretur
1150 1190 1328 1254 tradidisse
1355 1189 1413 1253 ali-

258 1313 351 1375 quos¹
376 1292 488 1375 legato
512 1313 589 1356 eum
614 1293 778 1356 consulari
810 1312 1034 1355 successorem
1059 1293 1191 1356 dedisse
1216 1303 1252 1356 ut
1280 1293 1353 1356 rudi
1380 1303 1413 1357 et

258 1396 403 1475 indocto,
430 1397 523 1460 cuius
550 1417 651 1460 manu
682 1396 733 1460 ui
760 1417 820 1478 pro
851 1395 915 1479 ipsi
942 1397 1101 1479 scriptum
1134 1397 1413 1460 animadverterit.

259 1501 423 1584 Quotiens
446 1511 558 1565 autem
589 1523 648 1584 per
673 1513 770 1565 notas
794 1502 917 1577 scribit,
948 1502 975 1564 B
1005 1523 1066 1585 pro
1097 1501 1140 1577 A,
1166 1501 1192 1567 C
1225 1522 1286 1584 pro
1318 1502 1345 1564 B
1375 1522 1454 1568 acro

257 1606 414 1688 deinceps
430 1607 547 1669 eadem
564 1607 692 1671 ratione
708 1607 877 1689 sequentis
893 1605 1020 1670 litteras
1036 1605 1150 1688 ponit3
1174 1626 1234 1687 pro
1251 1605 1283 1666 X
1301 1613 1413 1667 autem

258 1709 385 1792 duplex
402 1709 445 1772 A.

204 1829 241 1888 89
325 1814 377 1877 Ne
395 1812 596 1877 Graecarum
616 1814 752 1896 quidem
771 1812 1022 1895 disciplinarum
1043 1812 1165 1876 leviore
1184 1814 1296 1876 studio
1322 1822 1413 1876 tene-

259 1968 304 2017 sm
305 1967 339 2031 dy
350 1967 379 2016 of
430 1918 535 1982 batur.
583 1919 622 1981 In
639 1918 760 2008 quibus
776 1926 810 1979 et
826 1915 906 1997 ipsis
923 1915 1114 1998 praestabat
1130 1915 1272 1998 largiter,
1290 1917 1413 1998 magis-

257 2032 350 2108 Graelu
430 2030 482 2084 tro
503 2021 635 2084 dicendi
658 2040 736 2083 usus
757 2017 968 2101 Apollodoro
990 2019 1205 2100 Pergameno,
1224 2038 1325 2100 quern
1347 2019 1452 2090 iam1⁵

257 2098 383 2212 fflffle
430 2124 593 2207 grandem
617 2133 697 2187 natu
723 2122 941 2206 Apolloniam
967 2143 1102 2205 quoque
1130 2142 1242 2185 secum
1267 2121 1311 2184 ab
1333 2122 1414 2185 urbe

258 1049 378 1114 Spelling.

258 2229 328 2304 write
431 2227 557 2290 iuvenis
592 2226 701 2290 adhuc
737 2227 908 2300 eduxerat,
939 2225 1061 2288 deinde
1092 2225 1278 2287 eruditione
1312 2224 1413 2287 etiam

257 2295 342 2358 easny.
430 2334 521 2395 varia
542 2332 687 2414 repletus
710 2351 769 2412 per
789 2329 871 2392 Arei
895 2329 1085 2411 philosophi
1109 2327 1320 2410 filiorumque
1339 2330 1414 2390 eius

259 2434 401 2517 Dionysi
436 2445 469 2499 et
506 2435 682 2499 Nicanoris
716 2433 991 2510 contubernium
1034 2452 1100 2494 non
1135 2440 1248 2494 tamen
1286 2441 1322 2494 ut
1357 2440 1415 2493 aut

258 2536 448 2620 loqueretur
468 2538 632 2621 expedite
655 2546 713 2600 aut
733 2556 934 2618 componere
955 2535 1079 2618 aliquid
1102 2536 1257 2612 auderet;
1281 2555 1357 2596 narn
1382 2543 1415 2597 et
1429 2570 1464 2596 ω-

290 2669 470 2730 amenas,
488 2667 580 2716 ‘draws
592 2683 607 2716 a
618 2668 678 2732 loop
689 2665 787 2716 round.’
855 2683 878 2726 4,
894 2682 908 2729 3
919 2665 1028 2721 μάλιστα
1036 2666 1062 2713 δὲ
1073 2662 1142 2728 ἐξῆρε
1152 2661 1194 2712 τὸν
1207 2661 1415 2722 ’Δπολλόδωρονῆ

290 2737 329 2781 88.
363 2744 411 2791 per
437 2737 524 2792 notas,
555 2733 592 2780 ‘in
622 2732 733 2797 cypher,'
754 2731 804 2780 Iul.
859 2733 901 2779 τοῦ
917 2732 1038 2794 Καίσαρος
1055 2732 1124 2792 φιλία
1141 2732 1183 2778 τοῦ
1201 2731 1334 2792 Σεβαστοῦ,
1348 2726 1411 2776 διδά·

259 2796 298 2860 56,
317 2813 357 2860 cp.
375 2797 434 2846 Aul.
454 2798 520 2847 Gell.
541 2811 577 2862 17,
592 2800 651 2863 9§§
672 2812 731 2861 r—5
750 2797 809 2846 libri
859 2799 951 2845 σκαλον
974 2798 1022 2843 τῶν
1045 2797 1125 2855 λόγων
1151 2796 1289 2856 γενόμενον.
1325 2793 1413 2856 Quint.

258 2868 319 2910 sunt
338 2863 500 2924 epistularum
525 2863 552 2911 C.
586 2864 697 2911 Caesaris
719 2863 754 2910 ad
777 2863 804 2911 C.
863 2878 887 2925 3,
909 2878 929 2917 1,
954 2874 982 2923 17
1001 2861 1165 2924 Apollodorus
1182 2861 1351 2923 Pergamenus
1370 2858 1417 2922 qui

261 2928 369 2992 Oppium
396 2935 419 2976 et
445 2928 553 2976 Balbum
585 2929 737 2984 Cornelium,
764 2927 810 2992 qui
859 2933 1002 2991 praeceptor
1015 2926 1159 2989 Apolloniae
1177 2926 1289 2974 Caesaris
1305 2925 1417 2986 Augusti

258 2993 328 3041 rebus
348 2993 400 3041 eius
421 2993 529 3042 absentis
548 2994 677 3042 curabunt.
712 2994 747 3041 In
769 2993 810 3040 his
856 2991 998 3056 fieit...Sed
1006 2992 1150 3055 Apollodori
1154 2997 1282 3054 praecepa
1294 2990 1416 3052 magisex

257 3059 370 3122 epistulis
378 3059 559 3122 quibusdamiu
570 3059 629 3107 locis
640 3059 811 3106 inveniuntur
863 3057 989 3120 discipulis
1015 3071 1232 3120 cogreoscas...nam
1260 3055 1338 3118 ipsius
1364 3054 1414 3101 sola

258 3124 507 3188 literaesr'ugulariae
517 3126 570 3172 sine
579 3123 726 3186 coagmentis
735 3124 809 3186 sylla·
864 3123 964 3170 aulelur
984 3123 1038 3169 Ars
1058 3122 1122 3170 edila
1144 3121 1180 3169 ad
1199 3121 1331 3175 Mettium,
1354 3121 1415 3182 quia

258 3189 355 3248 barum,
370 3205 433 3253 quas
449 3197 478 3238 tu
489 3196 562 3253 putes
568 3191 662 3254 positas
673 3189 810 3244 r'ncandr'te,·
864 3195 951 3235 ceteras
962 3187 1036 3234 nerssa
1047 3187 1083 3234 ad
1095 3186 1238 3235 Domitium
1250 3185 1353 3249 epistula
1365 3200 1415 3232 nau

259 3270 319 3302 nam
339 3255 411 3302 verba
430 3270 461 3303 ex
479 3255 519 3303 lu's
537 3255 616 3304 literis
632 3255 719 3319 carfici
738 3254 810 3302 nulla

256 3327 365 3383 possunt.
399 3321 469 3375 Erat
484 3327 565 3368 autem
582 3326 728 3368 conuentum
746 3319 811 3367 inter

257 3401 294 3433 eos
316 3385 497 3433 clandestinum
516 3385 545 3434 de
566 3383 737 3433 canemutaude
758 3384 810 3435 situ

258 3450 401 3505 literarum,
424 3456 453 3498 ut
474 3451 502 3498 ire
523 3451 611 3514 scripto
632 3449 731 3514 quidem
754 3450 806 3497 alta

259 3515 325 3563 aliae
344 3515 424 3563 lacum
446 3522 470 3564 et
491 3531 578 3563 neuun
601 3521 696 3570 teneret,
720 3515 762 3562 sed
782 3515 810 3563 in

259 3581 357 3644 legende
379 3580 444 3628 lacus
466 3581 553 3644 cuique
579 3597 639 3629 suus
661 3586 685 3628 et
706 3585 811 3643 potestas

259 3645 433 3694 restitueretur.
468 3645 518 3694 Dio
537 3659 576 3708 51,
595 3660 612 3708 3
633 3647 766 3693 ἐπέστελλε
784 3647 810 3693 δὲ

259 3712 299 3759 real
316 3711 411 3760 trebues
426 3711 465 3758 rol
480 3713 528 3759 τοῖς
543 3711 625 3759 ἄλλοις
636 3713 723 3771 φίλοις,
735 3710 809 3758 ὁπότε

259 3794 283 3823 τι
303 3775 381 3823 δέοιτο
401 3775 431 3823 δι’
446 3773 588 3839 ἀπορρήτων
603 3777 674 3836 σφίσι
691 3772 808 3834 δηλῶσαι,

259 3843 287 3890 τὸ
299 3841 407 3902 δεύτερον
419 3840 454 3888 del
471 3843 591 3902 στοιχεῖον
608 3842 651 3889 τοῦ
668 3837 702 3902 rui
718 3838 810 3902 ῥήματι

259 3904 421 3968 προσήκοντος
442 3903 491 3954 ἀντ’
512 3909 602 3954 ἐκείνου
622 3902 806 3968 ἀντεγγράφειν.

259 3971 811 4034 ThisshouldbedistinguishediromSteno·

258 4037 354 4102 graphy
365 4035 390 4084 in
400 4036 482 4086 which
493 4036 585 4086 certain
598 4043 668 4086 notae
675 4052 739 4085 were
750 4037 811 4085 used

258 4103 297 4152 ior
308 4102 398 4151 words.
423 4103 475 4152 Cic.
488 4104 543 4150 Au.
559 4117 595 4164 13,
610 4117 654 4163 32;
673 4102 737 4150 Plut.
755 4103 809 4150 Cat.

259 4169 329 4218 Min.
340 4182 369 4229 3;
381 4183 447 4282 sppr.
459 4183 481 4216 c.
494 4167 533 4230 64.
557 4167 691 4223 Weichert,
701 4169 807 4230 August.

270 4251 292 4281 r.
323 4249 348 4296 p.
364 4248 392 4294 14
410 4247 467 4296 --7.

251 4235 329 4348 ful.
346 4295 508 4356 Apollodoro
518 4301 686 4354 Pergameno.
704 4297 729 4345 A
748 4297 809 4346 ollo-

258 4363 365 4413 dorusof
372 4363 606 4427 Pergamuswasthe
611 4363 700 4411 author
706 4313 751 4411 olli
759 4378 809 4425 sys-

259 4438 310 4479 tem
322 4429 351 4476 oi
359 4429 466 4478 rhetoric
478 4430 527 4478 and
540 4428 644 4477 founder
656 4428 685 4477 ol
692 4444 707 4475 a
719 4435 771 4476 sect
782 4444 810 4476 or

259 4494 345 4544 school
357 4494 436 4542 called
447 4495 510 4543 aiter
521 4494 559 4542 his
567 4509 648 4550 name,
659 4494 772 4557 opposed
784 4501 810 4542 to

260 4562 313 4611 that
325 4558 353 4608 oi
361 4559 507 4610 Theodorus
516 4559 653 4616 Gadareus,
666 4559 757 4608 Strabo
772 4575 808 4622 13,

864 3252 980 3314 agnoscit,
995 3267 1034 3316 cp.
1051 3253 1085 3300 id.
1105 3267 1126 3310 a,
1150 3266 1176 3300 11
1197 3252 1210 3310 ἕ
1228 3265 1255 3307 ²3
1273 3249 1376 3298 Tacitus
1387 3249 1416 3298 ele

867 3319 938 3368 Orat.
954 3333 982 3380 19
994 3317 1054 3366 calls
1066 3317 1108 3365 the
1120 3316 1200 3365 books
1209 3315 1237 3364 oi
1247 3316 1416 3378 Hermagoras

865 3383 915 3432 and
927 3381 1098 3446 Apollodorus
1110 3381 1260 3430 aridissimi.

898 3450 1072 3506 spouomm,
1086 3463 1127 3496 see
1138 3463 1160 3495 c.
1174 3448 1198 3505 8,
1213 3462 1236 3510 p.
1255 3446 1292 3496 16.

896 3515 965 3560 Arei.
1000 3513 1050 3561 For
1067 3511 1155 3560 Areius
1172 3511 1201 3560 oi
1210 3510 1363 3560 Alexandria
1375 3526 1416 3559 see

866 3579 916 3627 Dio
929 3594 967 3640 51,
986 3576 1023 3625 16.
1049 3578 1177 3641 Augustus
1189 3593 1273 3641 spares
1286 3576 1327 3624 the
1339 3576 1414 3624 Alex·

865 3645 981 3692 andrians
1001 3643 1083 3722 partly
1101 3658 1135 3690 on
1155 3649 1260 3691 account
1279 3640 1309 3689 oi
1320 3639 1415 3703 ’Δρειον

865 3710 907 3757 τὸν
927 3709 1030 3768 πολίτην
1052 3725 1071 3768 ῳ
1085 3725 1131 3756 που
1145 3707 1320 3768 φιλοσοφοῦντί
1334 3723 1361 3753 τε
1376 3708 1415 3754 eal

866 3775 962 3823 συνόντι
974 3775 995 3820 ot
1008 3776 1104 3834 ἐχρητο.
1140 3773 1164 3821 It
1182 3788 1232 3820 was
1250 3772 1281 3819 he
1298 3772 1355 3819 who
1372 3773 1414 3820 ad·

867 3839 936 3888 vised
953 3840 1050 3901 against
1067 3838 1168 3902 sparing
1185 3837 1318 3887 Caesarion
1336 3837 1415 3896 [Plut.

866 3906 928 3953 Aut.
944 3904 994 3964 81].
1029 3904 1072 3951 lle
1084 3903 1104 3951 is
1116 3903 1259 3951 mentioned
1272 3902 1305 3964 by
1317 3901 1415 3963 Quinti-

866 3969 917 4019 lian
929 3969 988 4017 with
1000 3969 1119 4032 approval
1132 3969 1166 4028 [2,
1183 3983 1220 4030 15,
1236 3967 1281 4031 363
1294 3983 1316 4029 3,
1331 3983 1351 4026 1,
1367 3967 1415 4028 16];

866 4035 915 4084 and
923 4033 962 4082 his
970 4034 1095 4097 grandson
1105 4033 1220 4088 Catilius,
1229 4049 1249 4080 s.
1258 4031 1287 4080 oi
1296 4032 1415 4089 Nicanor,
1474 4036 1479 4044 “

865 4100 886 4148 is
902 4099 1030 4148 identified
1047 4099 1080 4162 by
1099 4113 1169 4147 some
1188 4099 1248 4147 with
1265 4097 1308 4145 the
1325 4098 1415 4146 author

864 4165 893 4214 oi
901 4165 945 4214 the
955 4164 1066 4228 epigram
1079 4163 1104 4211 in
1116 4163 1197 4227 praise
1208 4162 1237 4212 of
1245 4162 1288 4211 the
1300 4162 1413 4222 Caesars,

868 4232 896 4280 C.
910 4231 932 4278 I.
948 4231 975 4278 G.
991 4244 1065 4292 49²3·
1100 4229 1142 4277 He
1159 4236 1237 4277 wrote
1254 4243 1269 4275 a
1285 4229 1417 4276 consolatio

865 4305 891 4344 to
904 4294 976 4343 Livia
986 4309 1019 4342 on
1032 4294 1074 4342 the
1085 4294 1161 4342 death
1170 4293 1199 4342 oi
1208 4295 1303 4341 Drusus
1317 4292 1415 4355 [Senec.

864 4360 935 4409 Dial.
952 4358 974 4418 6,
993 4359 1076 4422 4—6].
1105 4359 1207 4407 Nicolas
1224 4358 1348 4407 mentions
1364 4359 1417 4408 also

865 4425 969 4474 another
978 4424 1076 4474 teacher
1088 4424 1117 4472 ol
1124 4424 1260 4487 Augustus,
1273 4423 1417 4472 Alexander

865 4490 894 4540 of
906 4491 1040 4554 Pergamus
1055 4489 1087 4550 [c.
1107 4489 1155 4550 17].
1189 4489 1298 4537 Zonaras
1311 4490 1361 4550 [1ο,
1375 4488 1417 4551 38]

867 4556 991 4604 mentions
1003 4555 1182 4604 Athenodorus
1193 4554 1222 4603 oi
1230 4554 1330 4603 Tarsus.
