3288 5182
216 463 259 548 7.]
556 462 715 530 arros
744 463 1026 529 aucusrus,
1334 485 1367 531 11

216 634 323 698 Divus
348 634 526 718 Augustus
553 654 692 698 nascens
716 633 891 716 attigisset,
914 635 1109 716 peteretque
1133 635 1250 698 donari
1276 638 1372 718 quasi

215 738 349 820 proprio
368 759 429 802 suo
450 759 488 801 ac
509 737 666 820 peculiari
682 737 758 812 dea,
772 738 943 801 decretum
965 747 1016 802 est
1037 747 1074 801 ut
1094 759 1135 802 ea
1154 758 1231 820 pars
1252 739 1373 803 domus

215 853 469 906 consecraretur.
494 841 805 918 qNutrimentorum
818 842 888 905 eius
903 842 1091 905 ostenditur
1106 842 1216 905 adhuc
1231 843 1322 907 locus
1339 846 1371 908 in
1386 844 1403 901 6

215 948 305 1011 avito
320 947 513 1010 suburbano
534 947 630 1009 iuxta
646 945 793 1010 Velitras
814 947 1025 1028 permodicus
1042 956 1076 1010 et
1096 946 1201 1011 cellae

189 1082 201 1122 ς
215 1051 393 1131 penuariae
420 1051 533 1128 instar,
557 1058 716 1131 tenetque
742 1050 948 1113 vicinitatem
976 1050 1090 1131 opinio
1116 1059 1201 1113 tam·
1224 1028 1367 1158 ἔξω.

214 1173 315 1234 quam
337 1164 371 1236 et
393 1163 492 1217 natus
513 1154 559 1217 ibi
580 1154 632 1217 sit.
679 1150 758 1216 Huc
778 1153 914 1216 introire
935 1153 998 1216 nisi
1016 1153 1201 1216 necessario

214 1264 248 1319 et
270 1264 361 1319 caste
388 1255 503 1336 religio
530 1263 591 1329 est,
613 1263 776 1336 concepta
802 1255 960 1336 opinione
986 1256 1098 1330 veteri,
1125 1257 1220 1336 quasi
1247 1265 1373 1321 temere

215 1358 414 1422 adeuntibus
440 1358 557 1421 horror
581 1357 719 1440 quidam
747 1366 780 1420 et
811 1367 921 1422 metus
944 1357 1116 1433 obiciatur,
1138 1359 1198 1422 sed
1225 1369 1258 1423 et
1290 1381 1372 1423 mox

215 1461 420 1526 confirmata.
466 1461 555 1524 Nam
581 1483 656 1524 cum
682 1482 854 1544 possessor
876 1461 974 1525 villae
998 1483 1103 1526 novus
1125 1483 1183 1524 seu
1207 1463 1291 1526 sorte
1314 1484 1370 1528 seu

178 1586 203 1614 10
215 1565 403 1646 temptandi
431 1585 531 1629 causa
558 1565 708 1630 cubitum
735 1587 771 1629 se
799 1587 839 1629 eo
863 1565 1068 1642 contulisset,
1092 1568 1203 1629 evenit
1228 1577 1265 1630 ut
1294 1577 1372 1649 post

215 1670 433 1751 paucissimas
449 1669 557 1731 noctis
578 1668 677 1731 horas
693 1669 893 1732 exturbatus
909 1670 987 1732 inde
1008 1669 1120 1732 subita
1140 1671 1171 1732 vi
1193 1680 1227 1733 et
1247 1672 1372 1735 ineerta

215 1794 321 1855 paene
336 1773 540 1837 semianimis
557 1792 633 1836 cum
649 1782 755 1836 strato
770 1772 869 1836 simul
885 1783 963 1836 ante
978 1773 1065 1836 fores
1081 1775 1290 1839 inveniretur.
1325 1783 1345 1852 l

282 1876 407 1941 Infanti
432 1896 619 1959 cognomen
651 1876 825 1961 Thurino
855 1877 998 1940 inditum
1025 1886 1086 1954 est,
1110 1878 1143 1939 in
1175 1879 1402 1940 memoriam?

214 2068 307 2132 temple
322 2085 355 2118 on
371 2068 413 2118 the
431 2067 532 2133 Capitol
547 2084 598 2118 was
612 2075 649 2118 set
664 2083 697 2116 on
713 2066 766 2128 fire,
818 2081 862 2114 use
880 2065 910 2114 oi
927 2073 1055 2130 tamquam
1078 2065 1139 2114 with
1161 2066 1244 2129 opinio
1265 2072 1329 2114 tenet
1349 2065 1371 2114 is

214 2135 284 2197 apud
292 2135 422 2183 aedituum
433 2135 497 2183 clam
509 2134 668 2198 pernoctavit
677 2134 764 2194 [Dom.
817 2131 869 2180 like
889 2132 942 2180 that
961 2131 1024 2180 after
1041 2131 1123 2180 words
1141 2132 1169 2179 of
1185 2131 1302 2195 accusing
1320 2131 1370 2180 and

218 2200 255 2260 1]:
274 2199 316 2248 the
333 2199 415 2248 actual
432 2215 487 2249 care
504 2199 534 2248 of
546 2199 590 2248 the
605 2200 698 2262 temple
716 2213 767 2248 was
817 2197 974 2261 suspecting:
995 2196 1053 2261 Juv.
1075 2211 1098 2259 3,
1122 2209 1151 2244 aa
1171 2202 1195 2246 et
1212 2197 1299 2245 mrito
1318 2197 1370 2246 iam

214 2263 241 2312 in
260 2264 302 2314 the
319 2265 400 2314 hands
417 2265 446 2313 oi
462 2281 494 2313 an
511 2265 626 2312 aedituus
643 2265 765 2323 miurrter,
817 2269 940 2326 euperem
955 2269 1084 2326 tamquam
1100 2262 1149 2324 ipre
1163 2277 1221 2309 ruas
1237 2262 1372 2310 iucemlerit

215 2344 243 2378 or
258 2331 374 2378 aedituus
392 2347 410 2379 a
427 2330 536 2378 sacran'a
552 2329 711 2394 [Marquardt
730 2343 767 2386 ιι,
817 2327 893 2376 aedes.
927 2327 988 2375 Tac.
1004 2328 1039 2374 A.
1058 2342 1095 2382 ιι,
1110 2343 1126 2388 4
1141 2327 1227 2389 species
1242 2327 1318 2376 alteri
1331 2327 1369 2374 ab·

215 2410 241 2459 p.
255 2395 321 2460 259].
816 2392 876 2440 iecta
891 2399 1019 2456 tamquam
1034 2391 1133 2440 vidisset
1146 2390 1280 2440 Claudium
1293 2393 1370 2455 spicea

246 2463 391 2518 attigisset.
429 2461 480 2509 For
500 2476 515 2509 a
537 2475 594 2508 new
612 2459 676 2508 born
698 2458 767 2508 child
817 2473 905 2507 corana
925 2458 1057 2506 evinctum.
1091 2457 1155 2506 Plin.
1177 2457 1228 2520 Ep.
1249 2472 1272 2520 3,
1294 2471 1319 2522 9,
1339 2471 1370 2520 29

215 2541 266 2574 was
280 2525 369 2589 placed
384 2541 418 2574 on
433 2525 475 2574 the
489 2524 702 2589 ground-partly
713 2524 767 2572 that
817 2538 888 2572 reum
913 2522 1052 2586 postulauit
1080 2528 1208 2584 tamquam
1237 2522 1265 2570 in
1295 2538 1371 2571 causa

215 2591 257 2639 the
278 2591 391 2655 auspices
416 2589 496 2654 might
522 2591 554 2640 be
576 2590 661 2646 taken.
686 2589 768 2654 partly
820 2588 908 2636 Castae
922 2587 1152 2651 praevaricaretur,
1176 2587 1257 2636 where
1281 2588 1371 2651 Mayor

214 2655 268 2704 that
287 2657 330 2705 the
349 2656 429 2705 father
447 2655 528 2720 might
549 2655 638 2704 decide
655 2653 767 2704 whether
817 2668 873 2716 says
892 2653 947 2701 that
964 2653 990 2700 in
1009 2651 1089 2702 Silver
1109 2651 1184 2700 latin
1201 2659 1330 2716 tamquam
1349 2653 1371 2702 is

214 2720 246 2770 he
262 2720 346 2770 would
363 2736 417 2770 rear
432 2723 460 2770 it.
497 2720 546 2770 Ov.
562 2720 600 2769 Ib.
614 2736 636 2779 a,
652 2734 696 2768 aar
717 2719 769 2780 Qui
817 2718 879 2767 used
901 2718 952 2767 like
974 2717 1005 2766 ὡς
1026 2717 1131 2766 without
1153 2718 1298 2782 expressing
1321 2733 1371 2782 any

213 2787 292 2834 simul
319 2786 432 2850 impurae
462 2786 551 2834 matris
575 2786 708 2849 prolapsus
735 2785 766 2833 ab
817 2782 904 2832 doubt.
949 2783 996 2832 See
1018 2781 1089 2846 infra
1111 2798 1133 2831 c.
1157 2798 1189 2849 94
1211 2783 1369 2846 prohibitum

213 2853 268 2900 alvo
283 2849 286 2916 Ι
304 2851 457 2914 Cinyphiam
471 2849 543 2914 faedo
561 2857 658 2914 corpore
673 2850 767 2913 pressit
818 2848 913 2896 manure
929 2848 969 2896 dei
983 2854 1113 2911 tamquam
1130 2848 1152 2896 is
1167 2848 1203 2897 ad
1216 2848 1319 2897 tutelam
1333 2849 1372 2897 rei

213 2916 328 2965 humum.
363 2916 477 2964 Macrob.
491 2917 546 2964 Sat.
564 2931 585 2974 1,
603 2929 631 2964 rr
647 2916 714 2978 quod
726 2915 766 2963 in·
812 2913 927 2978 publicae
937 2913 1089 2962 educaretur.

205 2981 294 3045 santes
298 2987 380 3046 partu
390 2981 451 3030 editi
461 2996 512 3029 non
517 2980 596 3044 prius
603 2995 681 3028 uocem
693 2981 769 3030 edant
849 2981 930 3033 oute.
950 2977 1012 3026 aster
1030 2977 1180 3026 ceremonial
1203 2977 1368 3040 purification.

213 3063 289 3111 quam
300 3047 430 3110 attigerint
440 3044 555 3094 leumiim.
817 3042 872 3092 Cic.
887 3043 916 3090 de
925 3043 985 3106 legg.
998 3058 1021 3097 a,
1034 3044 1049 3091 8
1064 3042 1100 3090 ad
1112 3043 1165 3090 deos
1179 3043 1283 3091 adeunte
1296 3049 1366 3092 caste.

245 3115 347 3172 denen,
369 3116 408 3160 ‘to
427 3111 459 3160 be
496 3110 608 3160 ardoned
627 3125 655 3158 as
674 3125 689 3158 a
708 3125 766 3159 cou-
816 3107 882 3158 Gell.
902 3125 926 3170 4,
945 3123 961 3174 9
978 3107 1210 3170 templa...relrgcosa
1229 3113 1291 3155 sunt
1307 3123 1371 3170 quae

213 3177 309 3226 cession
337 3177 382 3226 t0.’
417 3176 452 3226 So
479 3127 552 3225 galla
579 3174 713 3239 according
740 3183 767 3224 to
815 3188 866 3222 non
885 3172 958 3235 augo
974 3179 998 3220 et
1015 3179 1108 3227 temere,
1125 3172 1168 3220 sed
1182 3187 1239 3220 cum
1261 3173 1372 3220 castitate

173 3299 175 3302 ,
214 3242 304 3291 Florus
319 3242 354 3306 [3.
367 3255 389 3303 5,
407 3241 447 3302 ro]
462 3241 551 3304 spered
568 3241 610 3290 the
625 3240 768 3290 Atheniens
814 3239 995 3301 cereneouiaque
1004 3237 1126 3284 aarum

216 3307 276 3356 ...iu
298 3308 413 3356 honorem
435 3312 589 3354 mortuarum
615 3305 694 3354 sacris
714 3307 768 3354 suis
846 3302 1191 3358 murioest=nanauacna
1205 3301 1260 3350 Liv.
1276 3317 1299 3360 a,
1313 3302 1352 3352 62.

205 3371 463 3437 firmaequcdouaait.
498 3371 594 3420 Seneca
605 3370 686 3419 deira
698 3386 720 3429 a,
736 3386 764 3420 ιι
847 3371 895 3417 ted
917 3371 952 3427 et,
978 3367 1039 3416 ‘and
1062 3366 1129 3421 what
1152 3367 1173 3416 is
1194 3364 1282 3426 more‚’
1306 3367 1369 3415 ‘and

213 3452 301 3486 caterae
315 3453 375 3486 suae
391 3443 413 3484 et
425 3436 553 3500 pmoribses
562 3435 642 3498 sactis
659 3442 682 3484 et
699 3436 767 3484 boner
815 3432 870 3482 that
889 3432 951 3491 too‚¹
970 3433 1010 3480 καὶ
1027 3434 1111 3481 ταῦτα.
1149 3433 1180 3480 In
1197 3431 1278 3482 Silver
1295 3432 1369 3480 Latin

213 3502 377 3564 infuturum
389 3502 518 3565 promissis
531 3502 643 3550 danuur.
677 3499 766 3550 Cicero
815 3498 858 3547 sed
872 3497 893 3546 is
909 3498 977 3546 often
993 3504 1038 3546 not
1055 3496 1203 3559 disjunctive
1223 3499 1267 3546 but
1284 3512 1369 3546 cumu-

213 3583 268 3617 uses
287 3568 423 3616 corrdanare
441 3566 467 3615 in
485 3565 534 3616 this
551 3580 622 3615 sense
641 3565 686 3627 [ad
695 3565 765 3628 fam.
815 3563 900 3622 letive,
928 3563 981 3611 Iul.
1006 3578 1028 3612 c.
1052 3578 1067 3627 9
1094 3563 1157 3612 uem
1182 3563 1258 3611 Curio
1282 3563 1326 3611 sed
1348 3568 1372 3610 et

217 3648 253 3696 13,
274 3633 315 3696 73]
332 3639 387 3696 peto
407 3630 589 3694 utelusfilr'os
610 3631 701 3694 quiin
720 3637 765 3679 tua
816 3629 856 3676 M.
876 3629 995 3678 Actorius
1016 3635 1123 3676 auctores
1141 3634 1211 3677 sunt.
1247 3629 1323 3676 Mart.
1348 3643 1370 3684 ι,

207 3704 326 3761 potestate
346 3703 414 3756 sunt,
440 3696 505 3744 mihi
525 3695 686 3760 potissimum
710 3711 764 3744 cou-
819 3705 873 3756 117,
896 3700 950 3753 7et
966 3693 1039 3740 scalis
1052 3692 1136 3741 habito
1151 3692 1229 3740 tribus
1244 3693 1287 3741 sed
1301 3693 1369 3741 altas.

212 3763 293 3812 dones.
328 3763 392 3826 Livy
408 3761 461 3810 also
480 3762 545 3818 dare,
564 3773 586 3824 7,
603 3777 635 3810 ro
659 3761 762 3811 Caere...
816 3758 850 3806 id.
866 3773 888 3817 a,
906 3755 931 3818 6,
946 3771 959 3820 5
977 3759 1035 3806 haec
1049 3765 1109 3806 stent
1122 3773 1185 3820 quae
1200 3758 1317 3821 relegente
1332 3773 1371 3806 me

212 3828 317 3892 hospitio
327 3827 457 3876 vestalium
468 3827 590 3890 cultisque
599 3826 647 3874 diis
657 3825 754 3875 darent.
815 3823 905 3871 solebas
919 3821 922 3886 Ι
938 3829 1011 3886 rapta
1022 3822 1154 3871 exscribere
1164 3823 1206 3871 sed
1218 3823 1368 3871 Vitellianis.

245 3899 268 3943 t.
301 3895 644 3954 summasunmna
674 3908 696 3952 4.
815 3887 849 3936 ld.
868 3902 890 3951 7,
914 3900 952 3950 71,
973 3904 989 3949 4
1009 3888 1086 3936 ulcere
1107 3889 1254 3951 turpi...nec
1271 3889 1370 3952 regulus

245 3961 328 4008 cellae
351 3959 503 4017 penuariae,
529 3972 545 4005 a
565 3955 628 4005 later
649 3905 714 4004 ssrm
739 3955 769 4004 os
808 3953 892 4016 fossor
901 3952 944 4000 sed
953 3968 995 4001 nec
1004 3959 1092 4001 arator
1102 3959 1159 4016 eget.

208 4025 333 4086 pcuariae.
374 4023 430 4071 The
456 4023 515 4070 cella
539 4022 648 4085 persana
675 4021 696 4070 is
722 4020 765 4069 the
847 4021 958 4076 ineerta
984 4015 1161 4080 ‘mysterious’
1183 4016 1212 4066 oi
1232 4017 1314 4066 which
1335 4033 1370 4067 no

217 4087 388 4138 ‘store-room'
399 4087 438 4136 ior
448 4086 587 4151 provisions
597 4086 627 4134 oi
634 4084 668 4134 all
679 4085 762 4146 kinds,
816 4090 922 4132 account
934 4083 1009 4132 could
1021 4083 1052 4131 be
1063 4082 1146 4146 given.

209 4161 288 4218 penus
315 4153 447 4217 multiplex
470 4153 558 4213 [Nera
581 4166 604 4200 c.
631 4152 679 4212 11].
715 4150 764 4214 Cp.
848 4151 943 4208 strato,
960 4145 1102 4210 ‘bedding.'
1136 4147 1191 4197 Cal.
1207 4161 1235 4208 51
1243 4147 1371 4212 proripere

213 4219 293 4268 Varro
309 4219 339 4268 L.
358 4219 388 4267 L.
408 4232 421 4281 5
439 4219 452 4278 5
470 4215 514 4266 162
532 4233 550 4265 a
564 4215 663 4266 celando
679 4215 765 4264 cellam
815 4229 840 4262 se
850 4229 862 4263 e
872 4219 949 4262 strato
960 4213 1005 4260 sub
1015 4213 1148 4276 lectumque
1159 4212 1259 4262 corrdm
1272 4214 1368 4262 solebat.

213 4285 387 4348 appellarunt:
431 4283 565 4346 penariam
597 4281 643 4329 ubi
675 4287 763 4344 penus.
817 4278 915 4328 Lucret.
927 4295 952 4340 4,
964 4279 1012 4341 849
1023 4277 1108 4326 mollia
1119 4283 1199 4326 strata
1210 4277 1271 4326 lecti.

213 4349 303 4398 Cicero
322 4349 351 4397 de
366 4349 424 4397 Sere.
442 4349 456 4406 9
472 4346 503 4410 56
519 4353 610 4410 semper
625 4346 692 4395 enim
708 4345 767 4394 barri
848 4348 872 4392 7.
905 4346 1028 4391 Thurino.
1064 4342 1197 4392 Suetonius
1222 4342 1370 4406 apparently

213 4413 355 4477 assiduique
363 4413 462 4461 damini
474 4413 564 4475 referta
577 4411 637 4461 cella
648 4411 762 4470 uinaria,
814 4423 902 4457 means
914 4408 968 4456 that
983 4405 1033 4456 this
1048 4423 1122 4456 name
1134 4423 1184 4456 was
1199 4407 1273 4471 given
1288 4415 1315 4456 to
1326 4408 1369 4456 the

211 4480 312 4534 abarca,
323 4478 396 4527 uiam
402 4479 509 4541 persana
519 4485 561 4526 est.
816 4474 866 4537 boy
881 4474 915 4536 by
929 4472 968 4521 his
986 4480 1086 4536 parents
1102 4472 1129 4521 in
1147 4473 1369 4521 commemoration

244 4547 383 4600 tamtum
399 4547 428 4591 et
443 4547 524 4592 natue
540 4545 579 4591 tut
595 4543 638 4601 ur,
654 4540 719 4589 ‘that
732 4539 765 4589 he
816 4537 845 4588 oi
864 4538 907 4587 the
928 4537 999 4586 affair
1018 4545 1044 4586 at
1064 4536 1159 4593 Thurii,
1180 4552 1221 4586 see
1240 4553 1262 4586 c.
1286 4553 1308 4601 3.
1345 4537 1370 4586 It

213 4623 265 4659 was
276 4606 587 4659 bomeswellasnursed
598 4604 686 4656 there!
709 4605 765 4654 The
814 4603 876 4654 took
891 4603 963 4666 place
974 4602 1001 4650 in
1015 4614 1067 4652 nc.
1080 4601 1197 4652 dowhen
1211 4601 1244 4651 he
1256 4617 1306 4651 was
1318 4609 1369 4660 two
