3270 5134
269 371 330 441 170
732 355 958 423 suarum
1321 354 1423 438 [98—

262 528 348 593 sidia
378 530 605 594 secedentium
637 527 715 593 illuc
745 548 764 592 e
794 525 958 591 comitatu
989 545 1059 589 suo.
1115 523 1182 590 Sed
1215 544 1259 588 ex
1290 521 1422 586 dilectis

262 653 376 711 unum,
399 633 586 716 Masgaban
610 632 756 707 nomine,
778 631 874 714 quasi
899 630 1106 694 conditorem
1130 627 1258 693 insulae
1281 623 1423 704 κτίστην

261 757 381 802 vocare
410 746 595 802 consuerat.
651 736 761 800 Huius
793 734 978 817 Masgabae
1007 743 1086 798 ante
1116 752 1241 797 annum
1272 730 1421 795 defuncti

262 841 427 906 tumulum
445 863 521 906 curn
537 863 556 907 e
571 842 716 907 triclinio
732 839 1023 905 animadvertisset
1039 858 1162 922 magna
1178 837 1277 901 turba
1292 835 1421 900 multis-

262 968 328 1030 que
351 946 532 1011 luminibus
558 946 770 1031 frequentari,
793 965 925 1010 versum
953 945 1178 1028 compositum
1201 964 1245 1008 ex
1269 951 1447 1026 tempores

263 1051 351 1116 clare
373 1051 618 1135 pronuntiavit:

460 1171 610 1237 Κτίστον
633 1168 668 1236 δὲ
691 1167 822 1253 τύμβον
845 1167 965 1257 εἰσορῶ
989 1165 1207 1256 πυρούμενον·

263 1313 508 1377 conversusque
538 1294 581 1358 ad
609 1293 812 1377 Thrasylum
843 1293 956 1356 Tiberi
983 1291 1151 1368 comitem,
1178 1299 1295 1354 contra
1324 1311 1421 1354 accu-

264 1399 400 1463 bantem
420 1407 453 1462 et
472 1399 625 1480 ignarum
645 1401 700 1476 rei,
717 1399 935 1482 interrogavit
953 1399 1127 1462 cuiusnam
1147 1407 1267 1480 poetae
1286 1404 1421 1479 putaret

264 1523 337 1567 esse
343 1523 351 1580 ;
374 1524 441 1586 quo
456 1503 652 1581 haesitante,
668 1503 809 1568 subiecit
825 1503 942 1568 aliurn:
1436 1529 1462 1556 ιο

352 1703 360 1720 f
480 1619 586 1711 Ὁρᾷς
610 1621 736 1710 φάεσσι
760 1623 959 1708 Μοσιγάβον
981 1620 1182 1706 τιμώρενον;

264 1765 303 1808 ac
319 1745 361 1808 de
376 1743 440 1808 hoc
455 1764 588 1827 quoque
604 1744 779 1809 consuluit.
826 1744 911 1810 Cum
928 1743 984 1808 ille
999 1743 1081 1807 nihil
1097 1743 1187 1807 aliud
1205 1744 1420 1826 responderet

192 1927 195 1936 Ι
264 1870 375 1935 quam,
396 1851 634 1933 cuiuscumque
657 1859 769 1914 essent
791 1850 938 1934 optimos
961 1871 1041 1925 esse,
1064 1849 1263 1913 cachinnum
1287 1846 1421 1912 sustulit

264 1965 367 2039 atque
382 1956 415 2018 in
432 1955 522 2019 iocos
537 1955 659 2020 effusus
675 1965 732 2019 est.
776 1957 862 2019 Mox
879 1955 1057 2039 Neapolim
1073 1955 1212 2030 traiecit,
1226 1973 1419 2037 quanquam

438 2061 540 2125 etiam
557 2069 629 2124 tum
645 2060 785 2124 infirmis
801 2061 968 2124 intestinis
984 2061 1103 2124 morbo
1117 2061 1282 2137 variante3
1305 2069 1419 2122 tamen
1437 2093 1461 2130 ις

438 2173 472 2228 et
502 2164 750 2248 quinquennale
780 2173 949 2228 certamen
980 2165 1174 2246 gymnicum
1208 2163 1325 2226 honori
1358 2182 1420 2225 suo

439 2267 627 2332 institutum
651 2267 874 2350 perspectavit
896 2275 930 2330 et
953 2286 1029 2330 cum
1051 2266 1186 2330 Tiberio
1207 2266 1250 2330 ad
1273 2267 1423 2329 destina-'

265 2382 338 2437 turn
354 2371 463 2436 locum
480 2372 661 2436 contendit.
708 2372 776 2438 Sed
793 2374 826 2437 in
843 2374 1014 2438 redeundo
1029 2375 1213 2455 adgravata
1227 2371 1420 2448 valitudine,

265 2479 403 2542 tandem
428 2475 537 2541 Nolae
558 2478 733 2542 succubuit
759 2487 1018 2561 revocatumque
1040 2499 1084 2540 ex
1108 2477 1225 2540 itinere
1248 2477 1419 2548 Tiberium

266 2581 324 2644 diu
344 2590 473 2646 secreto
494 2578 647 2646 sermone
669 2581 821 2662 detinuit,
841 2604 949 2665 neque
969 2593 1047 2665 post
1067 2582 1124 2647 ulli
1146 2583 1263 2646 maiori
1284 2583 1420 2666 negotio
1435 2618 1462 2647 ω

265 2685 415 2748 animum
431 2685 710 2748 accommodavit.
725 2729 730 2739 -

215 2789 252 2849 99
332 2789 497 2872 Supremo
516 2789 570 2852 die
594 2790 777 2853 identidem
797 2791 985 2875 exquirens,
1001 2812 1042 2855 ao
1063 2792 1130 2855 iarn
1147 2792 1189 2855 de
1205 2812 1240 2855 se
1256 2791 1419 2856 turnultus

266 2950 288 3000 L
317 2960 326 3000 t
438 2891 517 2954 soris
547 2901 643 2967 esset,
675 2893 781 2976 petito
807 2894 952 2976 speculo
980 2895 1139 2977 capillum
1170 2896 1232 2959 sibi
1263 2897 1349 2959 comi
1380 2917 1420 2960 ac

265 2965 356 3065 ullus.
439 2996 544 3060 malas
563 2995 716 3061 labantes
732 2999 851 3080 corrigi
867 3001 1045 3082 praecepit,
1060 3009 1094 3063 et
1110 3001 1275 3064 admissos
1294 3001 1421 3065 amicos

265 2136 380 2186 Tiberius

264 2209 320 2252 seut
330 2201 376 2252 for.

265 3225 298 3258 an
320 3209 381 3258 x1th
403 3217 505 3274 century
528 3210 658 3275 catalogue
684 3211 713 3260 oi
738 3211 817 3275 Papal
868 3212 1013 3276 Thrasylus.

265 3282 355 3324 estates
377 3274 423 3324 has
442 3276 554 3324 insulam
573 3279 665 3334 capnt
686 3293 743 3325 cum
761 3279 816 3326 Mo·
900 3281 1287 3340 quinquennale...gymntcum.
1329 3282 1421 3332 Strabo

265 3341 372 3389 nasterio
388 3343 415 3389 S.
432 3340 559 3402 Stephani.
594 3342 763 3406 Gregorovius
778 3343 814 3392 H.
869 3356 892 3403 5,
911 3362 934 3404 4,
952 3355 965 3406 7
983 3346 1034 3392 ruri
1051 3346 1077 3393 δὲ
1094 3348 1261 3409 τεντετηρικὸς
1278 3347 1338 3408 tepus
1355 3349 1422 3408 ἀγὼν

265 3405 296 3468 of
306 3407 383 3456 Rome
398 3406 426 3454 in
443 3405 484 3454 ete
497 3405 594 3454 Middle
607 3409 672 3471 Ages
684 3419 715 3456 11.
728 3424 753 3472 p.
770 3420 815 3471 247
868 3411 1020 3458 συντελεῖται
1032 3406 1089 3471 παρ’
1107 3412 1193 3471 αὐτοῖς,
1209 3412 1321 3471 μουσικός
1336 3430 1365 3461 τι
1381 3416 1421 3462 καὶ

266 3469 352 3536 (Engl.
366 3471 430 3529 Tc).
868 3475 981 3533 γυμνικὸς
1004 3476 1044 3524 ἐπὶ
1065 3477 1163 3526 πλείονι
1184 3477 1272 3539 ἡμέρας
1295 3478 1421 3538 ἐνάμιλλος

297 3539 450 3595 unsaltan,
472 3537 594 3600 probably
611 3552 627 3585 a
645 3536 771 3587 freedman
792 3537 821 3586 ol
868 3542 916 3588 τοῖς
936 3540 1137 3601 ἐπιφανεστάτοις
1155 3545 1202 3590 τῶν
1222 3545 1284 3591 κατὰ
1299 3544 1344 3602 τὴν
1364 3540 1419 3592 'ul-

264 3599 367 3649 Alrican
384 3616 440 3651 race
457 3601 589 3665 employed
604 3602 638 3666 by
648 3603 775 3666 Augustus
790 3611 817 3653 to
868 3605 940 3653 λάδο.
974 3608 1068 3655 honori
1083 3618 1140 3666 nuo,
1153 3623 1194 3656 see
1211 3623 1244 3656 on
1261 3624 1283 3657 c.
1301 3622 1339 3674 59,
1354 3609 1419 3657 Vell.

264 3667 425 3730 superintend
445 3667 487 3715 the
509 3665 702 3731 improvements
722 3685 755 3716 on
774 3669 817 3718 the
870 3670 924 3718 Pat.
944 3687 966 3730 τ,
984 3686 1028 3733 ¹23
1045 3671 1216 3736 interfuturus
1233 3675 1367 3722 certamini
1381 3675 1419 3722 lu·

265 3731 354 3780 island.
390 3733 432 3780 He
443 3732 503 3780 calls
514 3731 567 3780 him
581 3731 816 3797 ‘founder’injest2
867 3734 942 3794 dicre,
968 3738 1035 3799 quod
1058 3738 1113 3785 eius
1139 3739 1230 3788 honori
1254 3747 1380 3788 sacratum
1405 3756 1421 3788 ο

266 3797 334 3846 there
350 3811 400 3845 was
415 3812 449 3845 no
465 3795 578 3860 ‘colony’
593 3797 619 3848 in
634 3797 677 3847 the
694 3798 816 3848 technical
868 3801 1042 3864 Neapolitanis
1051 3811 1092 3850 est.

265 3877 336 3911 sense
347 3878 380 3911 on
393 3861 477 3926 Capri.
791 3893 793 3900 ‹
900 3868 936 3914 ad
950 3869 1114 3917 destinatum
1127 3871 1222 3928 locutu,
1239 3871 1277 3918 ‘to
1292 3870 1335 3919 the
1350 3871 1421 3934 place

297 3930 470 3984 bennonim,
486 3928 633 3992 apparently
644 3944 677 3977 on
692 3929 735 3979 the
746 3930 816 3979 anni·
868 3937 895 3980 to
909 3931 989 3980 which
1000 3932 1033 3981 he
1043 3933 1093 3981 had
1105 3933 1218 3983 resolved
1230 3941 1256 3983 to
1267 3950 1421 4000 accompany

265 4007 364 4056 versary
378 3992 408 4041 of
420 3993 460 4041 his
476 3992 560 4042 death.
595 3995 645 4043 For
661 3994 704 4044 the
720 4004 817 4044 custom
868 3995 938 4053 him‚'
949 3996 990 4045 i.e.
1002 4005 1030 4046 to
1042 3998 1221 4055 Beneventum,
1234 4016 1267 4049 on
1278 4000 1317 4049 his
1328 4017 1383 4065 way
1395 4011 1421 4050 to

265 4057 294 4106 os
308 4058 376 4106 these
388 4057 522 4107 torchesiu
537 4059 760 4124 commemorating
774 4060 817 4110 the
870 4062 1029 4111 Brundisium
1052 4071 1078 4112 to
1097 4065 1202 4113 embarlr
1221 4064 1258 4114 sor
1282 4066 1416 4130 Illyricum.

265 4123 330 4172 dead
341 4138 382 4171 see
394 4122 443 4172 Ov.
455 4124 486 4172 F.
500 4138 523 4180 τ,
537 4122 591 4186 561.
869 4127 933 4176 Vell.
953 4128 1006 4177 Pat.
1026 4145 1048 4184 τ,
1070 4144 1114 4192 ιο3
1131 4135 1215 4179 tamen
1231 4131 1352 4180 obnitente
1363 4140 1419 4197 pro·

298 4191 442 4248 mylas
474 4205 526 4238 was
560 4205 608 4238 oue
635 4189 665 4239 ol
694 4190 817 4241 Tiberius’
868 4193 1060 4256 secutusfilz'um
1075 4195 1245 4260 digressusque
1258 4196 1289 4244 ab
1303 4213 1329 4245 eo
1343 4199 1419 4247 Bene·

265 4253 385 4302 favourite
408 4254 584 4314 mathematici,
605 4271 646 4304 see
669 4256 737 4306 Suet.
762 4257 814 4306 Tib.
869 4258 939 4306 venti
951 4259 1000 4322 r'pse
1009 4259 1101 4308 Nolam
1111 4261 1194 4324 petiit,
1208 4261 1421 4325 etingraveseente

265 4334 301 4368 oc.
317 4335 354 4378 14,
368 4317 413 4378 ⁶2;
433 4320 541 4385 CaI.19.
869 4325 897 4371 in
913 4324 965 4373 dies
979 4325 1128 4386 valetudine,
1145 4341 1201 4374 cum
1216 4327 1292 4387 sciret,
1309 4329 1365 4391 quet
1379 4344 1419 4376 vo·
1456 4364 1459 4368 -

298 4386 646 4450 consuluit...reapond0ret:
671 4386 714 4436 the
736 4387 818 4436 words
869 4389 932 4437 lenti
956 4390 1042 4438 omnia
1067 4397 1124 4454 pust
1149 4407 1174 4440 se
1199 4393 1269 4440 salva
1297 4409 1423 4442 remanere

265 4449 336 4498 show
347 4449 400 4498 that
408 4451 536 4514 Augustus
545 4467 596 4500 was
607 4451 711 4516 making
721 4467 737 4501 a
748 4452 817 4517 play·
867 4455 1024 4504 accersendus
1036 4454 1114 4519 feret,
1128 4455 1284 4520 festinanter
1299 4461 1422 4508 revocavit

265 4513 299 4563 ful
323 4514 378 4564 trial
402 4514 432 4564 of
455 4516 498 4565 the
520 4515 650 4581 prophetie
675 4531 771 4581 powers
793 4518 823 4566 of
860 4518 959 4584 filium.
989 4519 1036 4570 See
1048 4520 1101 4569 also
1111 4521 1168 4570 Tib.
1181 4539 1220 4572 τι.
1249 4521 1361 4573 Velleius
1372 4524 1390 4572 I.
1399 4540 1420 4573 e.
