3270 5134
335 379 361 442 I.
410 377 800 443 MONUMENTUM
825 379 1159 446 ANCYRANUM.
1268 399 1320 462 191

230 549 300 608 κατὰ
318 553 372 631 γῆν
393 548 457 609 ούτε
479 549 550 610 κατά
568 549 720 609 θάλασσαν
740 549 882 626 Ῥωμαίων
902 575 944 613 τις
962 551 1017 626 πρὸ
1036 552 1136 610 τούτου
1154 555 1203 610 τοῦ
1221 551 1325 630 χρόνου

230 649 410 724 προσῆλθεν·
432 648 478 706 καὶ
497 648 627 726 Κίμβροι
645 649 691 706 καὶ
711 647 846 727 Χάλυβες
866 648 911 707 καὶ
931 648 1066 726 Σέμνονες
1083 647 1161 708 ἄλλα
1179 675 1209 708 τε
1228 650 1326 710 πολλὰ

233 745 298 821 ἔθνη
309 749 458 822 Γερμανῶν
472 744 518 805 διὰ
531 748 692 823 πρεσβειιῦν
705 745 756 821 τήν
767 745 836 822 ἐμὴν
850 745 949 820 φιλίαν
964 746 1009 804 καὶ
1018 745 1069 822 τὴν
1080 745 1169 824 δήμου
1181 748 1327 825 Ῥωμαίων

229 842 382 920 ήτήσαντο.
424 841 499 922 Ἐμῇ
518 847 638 925 ἐπιταγή
657 844 702 903 καὶ
721 847 827 907 οἰωνοῖς
846 844 948 906 αἰσίοις
962 843 1011 904 δύο
1024 847 1221 924 στρατεύματα
1236 847 1327 924 ἐπέβη

230 942 362 1019 Αἰθιοπίᾳ
391 943 436 1000 καὶ
463 941 586 1020 Ἀραβία
612 945 650 1021 τῇ
678 943 818 1020 εὐδαίμονι
851 944 1009 1021 καλουμένῃ
1044 943 1173 1025 μεγάλας
1207 970 1238 1005 τε
1272 950 1327 1005 τιῦν

230 1039 372 1116 πολεμίων
400 1038 527 1115 δυνάμεις
555 1039 709 1117 κατέκοψεν
737 1045 766 1100 ἐν
800 1040 954 1117 παρατάξει
989 1043 1035 1100 καὶ
1063 1041 1200 1105 πλείστας
1227 1043 1327 1106 πόλεις

230 1137 415 1212 δοριαλώτους
432 1139 538 1214 ἐλαβεν
557 1138 602 1196 καὶ
621 1137 731 1214 προέβη
749 1141 777 1197 ἐν
796 1137 930 1215 Αἰθιοπίᾳ
948 1139 1031 1218 μέχρι
1050 1139 1159 1203 πόλεως
1178 1141 1325 1217 Ναβάτης,

229 1235 290 1313 ήτις
305 1236 382 1296 ἐστὶν
396 1235 510 1316 ένγιστα
523 1234 632 1312 Μερόη,
648 1240 677 1294 ἐν
690 1233 813 1314 Ἀραβίᾳ
827 1235 857 1294 δέ
869 1235 953 1312 μέχρι
966 1234 1076 1298 πόλεως
1090 1237 1234 1314 Μαρίβας.

108 1447 148 1504 27
169 1445 313 1523 Α’ίγιπττον
328 1441 416 1521 δήμου
430 1443 574 1520 Ῥωμαίων
587 1440 724 1524 ήγεμονίᾳ
743 1440 916 1520 προσέθηκα.
938 1457 941 1464 ’
959 1443 1108 1521 Ἀρμενίαν
1121 1445 1172 1521 τήν
1186 1443 1327 1528 μ[ειΊζονα

231 1541 422 1622 ἀναιρεθέντος
451 1547 502 1602 τοῦ
535 1541 679 1619 βασιλέως
710 1541 860 1619 δυνάμενος
891 1542 1040 1620 ἐπαρχείαν
1069 1550 1179 1619 ποῆσαι
1212 1549 1328 1620 μᾶλλον

232 1643 393 1719 ἐβουλήθην
408 1644 479 1702 κατὰ
492 1643 528 1701 τὰ
538 1641 642 1717 πάτρια
656 1641 735 1719 ήμιῦν
749 1643 799 1717 ἔθη
812 1641 967 1718 βασιλείαν
980 1641 1103 1724 Τιγράνῃ
1117 1641 1328 1719 Ἀρταουάσδου

230 1745 286 1820 υἱῷ,
309 1745 397 1820 υἱωνῷ
417 1743 446 1802 δὲ
467 1740 606 1822 Τιγράνου
626 1744 770 1818 βασιλέως
792 1739 943 1823 δ[ο]ῦν[α]ι
965 1741 1010 1800 διδ
1033 1742 1166 1819 Τιβερίου
1188 1745 1325 1820 Νέρωνος,

229 1839 261 1902 ὃς
273 1839 330 1900 τότ’
345 1844 412 1917 ἐμοῦ
426 1839 564 1920 πρόγονος
577 1837 625 1914 ἦν·
648 1839 694 1896 καὶ
708 1839 740 1897 τὸ
754 1838 821 1897 αύτδ
835 1839 912 1899 ἐθνος
922 1836 1117 1914 ἀφιστάμενον
1132 1840 1177 1898 καὶ
1190 1839 1326 1901 ἀναπολε-

229 1943 300 2016 μοῦν
328 1939 472 2017 δαμασθέν
498 1937 553 1998 ῦπδ
581 1937 667 1998 Γαίου
694 1941 744 1998 τοῦ
771 1939 832 1997 υἶοῦ
863 1963 918 2015 μου
951 1940 1074 2014 βασιλεῖ
1102 1935 1325 2017 Ἀριοβαρζάνει,

231 2037 377 2113 βασιλέως
397 2035 505 2111 Μήδων
526 2035 707 2112 Ἀρταβάζου
731 2037 790 2112 υἱῷ,
813 2033 960 2109 παρέδωκα
985 2035 1030 2094 καὶ
1054 2038 1125 2113 μετὰ
1149 2037 1198 2097 τὸν
1223 2038 1327 2098 ἐκείνου

232 2137 351 2196 θάνατον
368 2138 407 2214 τῷ
422 2137 471 2215 υἱῷ
484 2137 568 2194 αύτοῦ
586 2133 795 2210 Ἀρταουάσδη·
818 2131 852 2193 οῦ
869 2133 1062 2212 α’ναιρεθέντος
1080 2135 1229 2217 Τιγράνην,
1243 2135 1275 2200 ὃς
1292 2137 1326 2214 ἦν

231 2238 261 2293 ἐκ
274 2233 372 2313 γένους
385 2232 533 2310 Ἀρμενίου
545 2233 710 2308 βασιλικοῦ,
727 2235 765 2295 είς
778 2231 830 2308 τὴν
843 2233 998 2309 βασιλείαν
1012 2233 1132 2311 ἔπεμψα.
1226 2236 1325 2312 Ἐπαρ

230 2333 308 2411 χείας
329 2331 449 2401 ἁπάσας,
463 2332 532 2391 ὅσαι
552 2333 640 2407 πέραν
659 2335 710 2391 τοῦ
728 2332 840 2393 Εἶονίου
860 2331 968 2392 κόλπου
985 2333 1154 2394 διατείνουσι
1174 2334 1244 2410 πρὸς
1260 2334 1326 2394 άνα-

230 2433 325 2504 τολὰς,
342 2431 388 2490 καὶ
405 2429 536 2505 Κυρήνην
557 2435 586 2488 ἐκ
608 2429 755 2506 μείσζονος
768 2430 868 2507 μέρους
881 2429 935 2489 ῦπδ
953 2432 1101 2508 βασιλέων
1116 2433 1327 2510 κατεσχημένος

231 2530 276 2589 καὶ
291 2529 451 2606 ἔμπροσθεν
465 2528 598 2593 Σικελίαν
617 2530 662 2588 καὶ
682 2527 780 2606 Σαρδιῦ
798 2531 1057 2607 προκατειλημένας
1075 2532 1189 2612 πολέμῳ
1208 2531 1330 2612 δουλικῷ

230 2629 382 2706 α’νέλαβον.

114 2741 152 2798 28
165 2729 314 2791 Ἀποικίας
338 2733 367 2789 ἐν
388 2728 485 2806 Λιβύῃ
510 2727 626 2805 Σικελίᾳ
650 2727 810 2804 Μακεδονίᾳ
833 2733 862 2787 ἐν
884 2728 1001 2806 ἐκατέρᾳ
1020 2753 1052 2788 τε
1074 2727 1204 2809 Ἱσπανίᾳ
1225 2731 1328 2810 Ἀχαίᾳ

229 2827 314 2904 Ἀσίᾳ
337 2826 424 2903 Συρίᾳ
446 2825 574 2902 Γαλατίᾳ
596 2828 631 2903 τῇ
653 2826 716 2900 περὶ
738 2825 887 2901 Νάρβωνα
908 2826 1028 2905 Πισιδίρ
1048 2832 1223 2904 στρατιωτῶν
1242 2830 1327 2906 κατή-

229 2949 327 3006 γαγον.
370 2923 478 2982 Ἰταλία
500 2923 529 2982 δέ
549 2921 639 2982 ε’ίκοσι
658 2924 730 2982 ὀκτὼ
749 2923 877 2985 άποικίας
896 2924 953 3002 έχει
974 2924 1021 2984 ὑπ’
1044 2928 1111 3003 ἐμοῦ
1131 2927 1326 3004 καταχθείσας,

231 3023 260 3082 αί
274 3025 341 3102 ἐμοῦ
354 3022 498 3099 περιόντας
512 3021 692 3098 πληθύουσαι
707 3024 862 3100 ἐτύνχανον.

118 3126 282 3202 29“Σημέας
309 3122 512 3200 στρατιωτικὰς
539 3119 667 3202 [πλείους
693 3118 762 3202 ῦ]πδ
789 3119 885 3182 ἄλλων
912 3120 1059 3201 ήγεμόνων
1086 3125 1329 3203 ἀποβεβλημένας

231 3221 326 3304 [νικῶν
349 3219 427 3303 τοῦ]ς
452 3219 605 3296 πολεμίους
626 3219 775 3296 ἀπέλαβον
836 3220 867 3289 ἐξ
885 3219 1033 3284 Ἱσπανίας
1053 3221 1099 3280 καὶ
1119 3225 1261 3288 Γαλατίας
1281 3226 1328 3285 καὶ

229 3321 307 3396 παρὰ
322 3320 490 3395 Δαλματιῦν.
533 3315 666 3392 Πάρθους
684 3320 767 3394 τριῶν
785 3319 1002 3395 στρατευμάτων
1016 3316 1159 3394 Ῥωμαίων
1173 3325 1267 3381 σκῦλα
1282 3323 1328 3382 καὶ

231 3418 340 3494 σημέας
367 3414 520 3474 ἀποδοῦναι
548 3415 610 3489 ἐμοὶ
640 3413 732 3476 ἱκέτας
755 3439 786 3473 τε
809 3414 910 3488 φιλίαν
932 3414 1022 3493 δήμου
1043 3415 1187 3494 Ῥωμαίων
1209 3421 1328 3490 ἀξιῶσαι

230 3515 388 3599 ήνάγκασα.
512 3513 613 3576 ταύτας
632 3513 661 3572 δέ
680 3515 730 3577 τὰς
748 3515 858 3590 σημέας
877 3519 907 3574 ἐν
925 3518 963 3595 τῷ
975 3514 1083 3591 Ἀρεως
1095 3520 1147 3576 τοῦ
1159 3515 1329 3595 Ἀμύντορος

230 3617 298 3674 ναοῦ
312 3613 401 3692 ἀδύτῳ
414 3611 564 3688 ἀπεθέμην.

121 3719 157 3778 30
170 3713 333 3773 Παννονίων
346 3713 422 3788 ἔθνη,
438 3712 479 3774 οἶς
492 3711 546 3787 πρὸ
561 3713 629 3788 ἐμοῦ
646 3710 784 3790 η’γεμάνος
803 3709 965 3789 στράτευμα
977 3711 1122 3790 Ῥωμαίων
1139 3716 1188 3774 οῦκ
1202 3713 1327 3796 ἤνγισεν,

230 3811 395 3888 ήσσηθέντο
421 3810 476 3872 ύπδ
503 3812 637 3887 Τιβερίου
665 3810 801 3887 Νέρωνος,
832 3809 863 3874 ὃς
889 3811 948 3872 τότ’
973 3815 1041 3890 ἐμοῦ
1063 3811 1098 3889 ἦν
1119 3814 1258 3896 πρόγονος
1282 3817 1328 3874 καὶ
1404 3845 1408 3853 Δ

230 3909 418 3986 πρεσβευτής,
432 3908 567 3989 ἡγεμονίᾳ
589 3907 678 3985 δήμου
698 3909 843 3986 Ῥωμαίων
863 3908 987 3980 ῦπέταξα
1066 3911 1102 3970 τά
1119 3936 1152 3970 τε
1169 3909 1328 3988 Ἰλλυρικοῦ

230 4009 293 4086 ὅρια
311 4010 395 4090 μέχρι
402 4007 519 4086 Ἴστρου
537 4011 666 4083 ποταμοῦ
683 4005 862 4088 προήγαγον·
885 4007 917 4068 οῦ
932 4009 1027 4068 ἐπειτα
1041 4008 1070 4068 δέ
1086 4010 1186 4069 Λάκων
1200 4010 1328 4087 διαβᾶσα

230 4109 329 4185 πολλή
345 4109 459 4187 δύναμις
473 4111 551 4184 ἐμοῖς
564 4108 667 4170 αίσίοις
682 4111 788 4170 οίωνοῖς
802 4107 951 4183 κατεκόπη.
995 4106 1041 4166 καὶ
1057 4105 1177 4186 ὕστερον
1189 4110 1328 4190 μεταχθὲν

230 4207 263 4266 τὸ
280 4207 345 4283 ἐμὸν
359 4208 521 4284 στράτευμα
534 4206 622 4280 πέραν
630 4205 748 4281 Ἴστρου
761 4205 797 4264 τῦ
816 4205 917 4263 Δάκων
936 4205 1002 4279 ἐθνη
1016 4207 1224 4286 προστάγματα
1239 4206 1328 4283 δήμου

231 4304 375 4380 Ῥωμαίων
387 4304 534 4380 ὑπομένειν
547 4301 716 4385 η’νάγκασεν.

113 4423 151 4481 31
169 4405 251 4483 Πρὸς
265 4405 314 4481 ἐμέ
328 4403 358 4472 ἐξ
372 4402 472 4466 Ἰνδίας
484 4403 632 4480 βασιλέων
644 4402 798 4479 πρεσβεῖαι
812 4399 952 4463 πολλάκις
965 4400 1179 4478 ἀπεστάλησαν,
1194 4402 1327 4465 οῦδέποτε

232 4501 288 4583 πρὸ
301 4500 400 4561 τούτου
413 4501 517 4582 χράνου
535 4499 669 4578 ὁφθεῖσαι
688 4501 765 4578 παρὰ
778 4500 921 4578 Ῥωμαίων
939 4497 1062 4582 ήγεμόνι
1159 4500 1217 4576 Τὴν
1229 4499 1325 4578 ήμετέ-
